5934 6709
512 754 579 822 499
1151 748 1265 816 PiiiL.
1287 746 1390 815 MEL.
1412 747 1601 816 SCRIPTA
1623 748 1889 818 EXEGETiCA.
2462 749 2530 816 500

601 940 727 1008 Postea
747 951 896 1024 tempore
924 936 1068 1004 lieraolii
1101 937 1330 1022 imperatoris,
1365 934 1498 1003 Cosroa
1548 939 1703 1022 Erlierdt‚
1726 948 1759 1004 et
1781 939 1929 1005 attribuit
1948 938 1979 1004 ei
1999 938 2125 1004 reditus
2140 940 2175 1004 in
2192 937 2283 1018 lena,
2304 941 2366 1004 de:
2382 938 2466 1004 uoci:
2487 948 2534 1007 tst

514 1049 575 1094 rex
598 1028 756 1093 Persicus
779 1028 895 1111 eripuit
918 1023 1117 1089 Christianis
1140 1045 1293 1100 crucem;
1321 1021 1426 1090 voluit
1441 1026 1497 1090 de·
1527 1027 1582 1091 in
1605 1024 1808 1091 fundatione.
1851 1025 1999 1092 Fuerunt
2019 1028 2131 1112 magni
2158 1038 2270 1091 motus
2297 1025 2331 1091 in
2352 1036 2424 1091 toto
2446 1030 2531 1093 orbe

513 1113 586 1181 lere
608 1113 803 1200 religionem
826 1110 1060 1190 Christianam,
1081 1131 1115 1172 er
1136 1111 1208 1172 aaa
1228 1131 1294 1193 wey
1309 1112 1415 1193 pasuri
1436 1130 1497 1173 oon:
1547 1124 1721 1178 terrarum.
1780 1111 1951 1178 lilahomet
1983 1133 2058 1177 com
2090 1113 2163 1178 suis
2196 1114 2401 1178 exercitibus
2430 1111 2530 1180 Sara·

513 1200 709 1272 Imwlt‘m,
742 1199 786 1259 ⁴10
824 1198 899 1259 titul
931 1198 984 1258 dle
1010 1217 1120 1279 orces:
1154 1196 1312 1263 tumultus
1344 1218 1495 1279 peweseo.
1549 1201 1642 1265 cenis
1670 1211 1704 1265 et
1724 1197 1894 1286 Agerenis
1921 1200 2100 1286 occupavit
2121 1200 2296 1264 Arabiam:
2329 1209 2449 1284 postea
2481 1202 2530 1265 in·

512 1285 690 1354 Heraclius
713 1285 899 1355 nicheam,
932 1296 966 1349 et
998 1286 1116 1368 eripuit
1144 1284 1175 1349 ei
1197 1284 1314 1350 iterum
1339 1284 1495 1364 Crucem,
1548 1304 1688 1373 gressus
1710 1299 1765 1350 est
1787 1287 1896 1352 vicina
1917 1284 1996 1350 ioca
2018 1287 2165 1374 Aegypti
2191 1296 2226 1351 et
2246 1285 2364 1349 Asiae:
2390 1284 2531 1370 protulit

512 1374 579 1436 aad
600 1372 672 1434 irate
689 1371 831 1434 detineri:
852 1390 911 1430 oon
932 1371 1127 1432 Hierusalem
1152 1391 1213 1451 pen
1236 1371 1500 1454 Constantr'nopel
1547 1375 1632 1437 lines
1655 1371 1781 1455 imperii
1810 1373 1844 1436 in
1866 1370 2049 1452 Persidem,
2078 1384 2113 1439 et
2144 1374 2191 1437 iia
2221 1369 2380 1457 paulatim
2413 1374 2530 1440 crevit.

513 1459 636 1523 bruelt.
680 1459 760 1524 inde
782 1469 836 1522 est
857 1455 978 1522 festum
999 1457 1219 1519 Eceltutr'onis
1243 1458 1365 1521 Creteis.
1548 1458 1597 1523 lta
1619 1458 1755 1524 veniunt
1775 1454 1861 1524 aliae
1883 1471 1917 1524 et
1937 1456 2025 1525 aliae
2046 1460 2244 1524 mutationes
2266 1478 2464 1543 regnorum,
2495 1472 2532 1527 et

600 1544 729 1610 Eodem
762 1554 931 1628 tempore,
964 1566 1032 1628 quo
1063 1545 1196 1610 inerunt
1229 1541 1319 1610 bella
1350 1540 1496 1609 lieraeiii
1548 1545 1760 1630 imperiorum
1790 1546 1825 1611 iu
1858 1547 1993 1612 mundo.
2046 1544 2136 1610 luter
2166 1543 2232 1608 hos
2264 1544 2388 1610 fluctus
2416 1557 2532 1613 temen

515 1653 590 1699 cum
612 1629 739 1707 Persis,
762 1641 855 1695 ortus
879 1642 931 1695 est
959 1627 1143 1706 liiahomet3
1176 1631 1253 1717 quia
1285 1643 1423 1695 exortus
1445 1641 1498 1696 est
1547 1628 1644 1698 Deus
1675 1647 1792 1698 servat
1825 1633 1977 1718 cymbam
2010 1649 2124 1710 auam,
2156 1630 2191 1697 id
2223 1643 2293 1710 est,
2324 1627 2532 1698 Ecclesiam:

513 1737 602 1783 anno
633 1717 685 1781 15.
707 1712 870 1795 lieraclii,
901 1716 971 1777 Der
996 1716 1052 1777 hut
1079 1720 1168 1778 einen
1200 1738 1331 1798 promen
1358 1716 1497 1778 selenti-
1548 1718 1638 1784 sicut
1657 1719 1806 1785 servavt
1826 1739 1939 1784 ercam
1960 1716 2059 1784 Nohe
2085 1720 2173 1784 inter
2197 1716 2321 1783 fluctus
2348 1717 2382 1782 ln
2404 1716 2531 1786 diluvio

513 1803 588 1866 eden
616 1805 729 1867 iernen
754 1802 959 1883 urrperiedtet.
1009 1800 1137 1868 Multae
1170 1815 1289 1888 gentes
1323 1799 1498 1888 amplexae
1549 1801 1743 1882 uniuersali,
1764 1805 1816 1871 sio
1836 1805 1985 1871 servabit
2011 1824 2114 1889 porro
2131 1801 2319 1873 Ecclesiam
2346 1804 2383 1870 iu
2405 1824 2532 1893 genere

511 1888 645 1956 fuerunt
666 1888 746 1953 iliud
771 1886 920 1955 delirium
942 1899 1076 1969 tetrum,
1097 1902 1130 1954 et
1152 1891 1335 1955 doctrinam
1356 1887 1498 1953 horribi·
1547 1892 1703 1957 humano.

511 1973 589 2055 lem,
611 1996 697 2062 quae
719 1986 771 2039 est
794 1972 1001 2059 blasphemia
1022 1986 1141 2041 contra
1162 1973 1280 2042 Filium
1301 1973 1377 2040 Dei.
1421 1975 1497 2061 lpse

513 2073 567 2127 eet
588 2073 688 2126 natus
710 2063 744 2125 in
765 2061 904 2136 Arsinia,
927 2061 1013 2126 inter
1029 2061 1220 2148 Agerenos.
1263 2062 1419 2123 Saraceni
1439 2064 1496 2127 ha·

512 2149 595 2214 bent
615 2167 737 2212 nomen
759 2168 779 2211 a
800 2148 898 2208 Sura:
929 2145 1044 2213 volunt
1070 2168 1148 2212 esse
1176 2148 1241 2214 orti
1262 2166 1305 2212 ex
1327 2148 1433 2228 Sara,
1461 2148 1496 2213 id
1879 2144 1887 2153 ’
2461 2202 2468 2214 .

513 2244 578 2312 esi,
599 2231 724 2309 libera:
747 2231 900 2314 Aperanti,
923 2235 965 2299 ab
989 2235 1091 2315 Aper,
1129 2255 1194 2300 uae
1212 2234 1273 2298 luit
1295 2230 1417 2299 ancilla
1434 2234 1496 2299 Sa.
1785 2212 1850 2283 EX
1882 2213 1990 2283 ALIA
2016 2211 2288 2284 RHAPSODlA.
2358 2260 2365 2279 .

513 2339 585 2398 ree,
608 2340 650 2385 ex
678 2339 747 2403 qna
772 2332 872 2386 natus
905 2331 957 2384 est
986 2256 1141 2385 ismahel.
1192 2320 1323 2386 Posteri
1350 2317 1497 2385 ismahel

510 2418 591 2472 sunt
622 2405 789 2492 ligarem:
827 2408 955 2491 posteri
992 2404 1084 2471 Pseu
1117 2405 1217 2467 tate:
1248 2406 1358 2470 :vollen
1392 2405 1498 2469 edeler
1634 2403 1672 2471 in
1710 2424 1825 2472 meuse
1857 2402 1948 2470 iiiaio
1988 2401 2176 2472 celebratur
2217 2404 2366 2471 inventio
2401 2406 2528 2488 erucis,

511 2494 591 2571 rein,
612 2499 745 2553 :metten
761 2489 830 2551 sicle
851 2491 1053 2556 Saracenos.
1098 2493 1220 2558 Partus
1243 2493 1394 2579 sequitur
1418 2513 1498 2559 ven·
1549 2492 1684 2644 aurudo
1713 2488 1841 2557 Helena
1869 2491 1995 2557 inuenit
2024 2511 2177 2569 crucem,
2209 2491 2243 2556 iu
2273 2513 2341 2578 qua
2370 2494 2530 2578 pependit

511 2589 606 2644 trem.
652 2576 708 2638 Da
729 2579 771 2637 ist
793 2577 852 2637 der
873 2579 972 2657 urrflat
993 2578 1129 2660 peberar:
1145 2578 1283 2645 wmdm.
1578 2576 1716 2645 hristus.
1782 2575 1895 2643 Credo
1933 2574 2084 2645 iieienae
2122 2575 2297 2644 historiam
2339 2596 2408 2647 non
2449 2599 2530 2647 esse

597 2663 729 2727 Nomen
751 2662 918 2734 Multorum,
940 2663 1105 2748 significat
1115 2664 1386 2748 indignationem,
1400 2664 1497 2742 iram,
1548 2663 1672 2731 fictam.

512 2751 601 2810 einen
622 2751 714 2830 prim.
758 2747 832 2812 Fuit
851 2769 932 2813 vere
953 2748 1040 2815 suria
1062 2746 1246 2815 Diabolica.
1290 2748 1496 2815 Sustulitar·

511 2831 653 2913 deuios,
687 2836 742 2920 qui
771 2854 839 2898 non
872 2856 936 2899 eon
963 2845 1061 2901 ruunt
1094 2837 1137 2900 ad
1169 2841 1341 2902 rationem.
1385 2834 1497 2922 Negat

511 2919 682 2987 Christum
703 2939 782 2984 esse
799 2918 918 2986 Filium
975 2922 1023 2997 ei;
1045 2921 1123 2986 dicit
1146 2940 1221 2987 eum
1242 2918 1348 2989 titisse
1369 2933 1497 2988 tentum
2017 2993 2027 3011 ‚

510 3006 691 3086 hominem,
712 3006 746 3070 id
764 3019 828 3085 est,
849 3007 1046 3092 prophetam
1068 3008 1207 3072 bonum:
1230 3020 1279 3087 ut,
1302 3008 1425 3093 siquis
1447 3007 1496 3073 di·
1815 2990 1933 3096 Quae
1970 2991 2049 3078 suit
2077 2991 2266 3082 Helena?

511 3106 570 3159 cat
590 3091 697 3157 luisse
718 3089 857 3157 similem
876 3093 1019 3158 Socrati.
1063 3091 1166 3159 Tales
1189 3113 1318 3181 nugae,
1346 3106 1405 3160 aut
1435 3114 1497 3178 po·

510 3179 578 3247 tius
601 3176 830 3264 blasphemiae
851 3179 978 3243 suntin
1001 3175 1184 3245 Alcorano.
1633 3174 1742 3246 Mater
1774 3175 1986 3244 Constantini
2025 3173 2256 3261 imperatoris,
2286 3193 2373 3263 quae
2411 3174 2528 3244 adole·

598 3264 791 3330 Alcoranus
812 3266 902 3330 unde
925 3265 1068 3331 dicitur?
1088 3262 1228 3339 Koraeb,
1246 3276 1300 3331 est
1322 3263 1494 3345 collectio,
1546 3275 1696 3332 scentem
1719 3260 1973 3331 Constammum
2023 3263 2054 3328 ie
2079 3264 2236 3329 educarit
2261 3274 2295 3327 et
2320 3263 2463 3329 instituit
2484 3265 2532 3331 ad

509 3347 658 3439 farrago.
702 3348 825 3417 Postea
849 3352 962 3416 docuit
984 3352 1168 3417 doctrinam
1191 3371 1343 3436 operum:
1365 3351 1422 3413 iot
1442 3370 1494 3433 pe·
1548 3351 1731 3419 doctrinam
1752 3347 1939 3417 Ecclesiae.
2011 3351 2059 3415 uit
2086 3347 2203 3416 mulier
2223 3348 2427 3415 Britannica.
2469 3348 2532 3416 Di·

372 3435 374 3439 ’
510 3437 581 3517 tert,
614 3457 648 3497 e:
674 3457 731 3520 say
758 3439 809 3496 ein
831 3437 966 3499 lostlirlt
992 3437 1081 3519 diup,
1114 3457 1201 3498 worn
1234 3440 1320 3498 einer
1341 3440 1383 3498 im
1404 3438 1495 3519 leriep
1547 3439 1648 3518 citur,
1682 3438 1773 3522 quod
1818 3434 1876 3503 iiia
1914 3437 2031 3503 iterum
2070 3438 2235 3505 invenerit
2267 3455 2412 3501 crucem·
2467 3436 2532 3504 Est

508 3523 727 3599 unblormnet3
749 3524 779 3587 si
802 3524 884 3609 quis‘
898 3523 985 3610 perit
1006 3544 1069 3609 pro
1091 3543 1153 3589 sue
1173 3520 1347 3609 reiigione,
1357 3543 1419 3608 pro
1460 3545 1495 3590 a·
1547 3520 1721 3591 credibile:
1755 3524 1834 3610 quia
1855 3520 2123 3609 Hierosolymam
2153 3534 2189 3588 et
2214 3519 2412 3590 Bethlehem
2439 3520 2530 3590 Cou-

509 3611 592 3686 tria:
623 3621 799 3697 praeterea
831 3606 921 3675 laxet
954 3606 1049 3675 irena
1082 3609 1327 3696 cupiditatibus.
1393 3608 1443 3675 'i'o
1472 3610 1496 3675 it
1546 3609 1714 3677 stantinus
1745 3622 1780 3676 et
1801 3609 1906 3694 ipsius
1927 3621 2033 3674 mater
2054 3606 2154 3676 vaide
2175 3620 2348 3689 omarum,
2375 3622 2409 3675 et
2428 3608 2531 3678 hodie

508 3695 606 3784 leges
630 3697 727 3761 conio
754 3697 788 3774 ‘i‚
811 3696 970 3782 permittit
993 3696 1069 3763 duci
1092 3707 1127 3761 et
1148 3697 1248 3762 abiioi
1269 3699 1344 3762 sine
1370 3696 1494 3763 iudicio
1546 3699 1661 3762 dicunt
1682 3693 1840 3782 tempium
1861 3696 1895 3760 in
1917 3704 1987 3761 toto
2010 3696 2093 3760 orba
2110 3692 2367 3781 pulcherrimum
2394 3714 2471 3763 esse
2492 3696 2527 3760 in

510 3786 685 3871 coniuges.
729 3717 803 3847 Phi:
825 3795 920 3868 grata
944 3780 999 3847 lex
1020 3779 1227 3849 multitudini.
1270 3784 1323 3844 let
1341 3783 1394 3847 ein
1414 3783 1494 3864 dr‘np
1545 3781 1754 3860 Bethlehem,
1775 3802 1843 3847 nou
1864 3782 2109 3868 magnitudine,
2139 3802 2239 3868 quem
2263 3802 2341 3849 uam
2366 3791 2418 3848 est
2441 3782 2526 3848 satis

505 3872 562 3951 sur
583 3870 644 3931 den
663 3867 763 3951 posci.
806 3867 899 3948 item,
920 3865 981 3934 fuit.
1002 3866 1056 3935 lex
1078 3870 1331 3935 accommodata
1352 3869 1396 3935 ad
1413 3867 1495 3935 miii·
1546 3865 1703 3954 amplum,
1726 3867 1787 3935 sed
1809 3869 2005 3933 marmoreis
2028 3863 2193 3937 columnis
2214 3889 2257 3934 ve
2274 3868 2317 3935 de
2336 3865 2528 3935 excellens:

509 3968 587 4024 tare
607 3976 715 4043 genus
735 3953 914 4021 hominum.
960 3954 1148 4041 Occupavit
1174 3967 1277 4021 totam
1300 3955 1433 4034 Asiana
1461 3966 1496 4021 et
1545 3952 1612 4022 hoc
1634 3950 1762 4020 Helena
1783 3952 1982 4020 aedificavit.
2026 3950 2155 4020 ilelena
2176 3966 2230 4020 est
2250 3954 2451 4035 Hebraeum,
2473 3951 2532 4022 vel

509 4064 664 4147 magnam
687 4055 814 4145 partem
837 4040 1003 4146 Orientis:
1024 4042 1114 4121 item,
1130 4041 1384 4148 septentrionis,
1406 4042 1495 4130 Scy·
1545 4037 1767 4148 yandalicum
1788 4041 1863 4105 sive
1883 4039 2048 4191 Helium
2071 4037 2283 4145 vpcabuiurn,
2306 4052 2340 4107 et
2359 4041 2529 4128 significat

508 4127 1184 4287 htnlrntrrtntttrtr
1206 4126 1495 4297 tractre:
1546 4125 2183 4281 'drntrtmnbrnetn
2201 4126 2530 4294 bibite..

510 4301 608 4372 raclii
629 4314 788 4386 tempore.
1545 4304 1701 4368 auitum
1736 4306 1859 4383 enwte,
1903 4310 1937 4365 et
1975 4300 2123 4364 continet
2161 4296 2334 4366 historiam
2371 4311 2551 4386 receptae.
2630 4367 2635 4374 ,

597 4387 725 4452 Eodem
757 4399 908 4470 tempore
938 4383 1072 4451 merum
1099 4382 1190 4452 bella
1221 4385 1427 4452 Francorum
1461 4396 1496 4451 et
1546 4386 1659 4454 cruc'h
1691 4407 1714 4451 a
1749 4384 1845 4451 Ree
1878 4383 2016 4452 Persico
2054 4382 2213 4452 Cosroa·
2247 4406 2285 4452 er
2327 4384 2530 4454 Heraclium.

511 4473 695 4541 Saxonum.
715 4471 835 4538 Franci
859 4485 1037 4558 gesserunt
1061 4470 1184 4538 bellum
1207 4473 1371 4539 adversus
1388 4472 1495 4538 Saxo·
1544 4472 1693 4541 Fuerunt
1714 4482 1784 4538 tres
1800 4408 2023 4557 Cmperatores
2045 4472 2203 4551 continui,
2260 4473 2419 4555 antimus,
2440 4470 2532 4540 Pho·

510 4580 586 4631 nes.
630 4558 802 4633 Quaedam
834 4556 1042 4623 nobilissima
1072 4559 1273 4644 principissa
1300 4556 1494 4624 Brunhiidis
1545 4580 1620 4639 cas,
1641 4571 1674 4625 et
1690 4556 1885 4627 Heraclius:
1907 4577 2049 4644 quorum
2064 4555 2203 4631 historia
2219 4559 2320 4626 debet
2335 4560 2433 4626 vobis
2448 4576 2531 4627 esse

510 4659 566 4713 est
595 4645 768 4731 discerpta
799 4645 930 4710 duobus
963 4646 1058 4729 equis
1079 4665 1100 4709 a
1121 4643 1271 4711 Francis.
1314 4646 1409 4707 Danu
1440 4645 1495 4707 die
1543 4656 1624 4712 nota
1670 4656 1784 4728 ropter
1803 4641 1924 4715 multas
1945 4661 2099 4711 caussas.

510 4732 718 4816 Barmmdier
737 4731 868 4793 licitene
888 4733 944 4792 mit
960 4730 1020 4791 den
1041 4729 1202 4802 scetem,-
1223 4731 1495 4820 sicutBurgundi
1667 4730 1813 4798 auricius
1852 4731 2035 4815 Imperator
2076 4741 2130 4796 est
2171 4749 2266 4796 exem
2289 4726 2359 4797 lum
2395 4729 2532 4819 insigne

511 4831 592 4886 sunt
614 4820 782 4885 Saxones:
804 4819 873 4882 Der
894 4827 1021 4883 tractus
1043 4817 1191 4880 zwisalten
1212 4819 1399 4901 medebam,
1416 4818 1495 4880 Hal
1545 4817 1825 4923 poenitentiaea
1889 4817 2033 4883 tientiae.
2069 4815 2146 4883 Fuit
2166 4752 2337 4883 excelllrns
2358 4818 2531 4904 prium

512 4907 666 4978 insuat,
687 4904 925 4986 Bnmscbwer'9,
947 4903 1004 4965 bat
1015 4903 1177 4985 petrissae
1187 4903 1258 4971 Bur
1328 4904 1393 4971 dia.
1416 4905 1493 4967 liat
1545 4903 1755 4991 ingeniosus,
1776 4922 1836 4969 eru
1861 4904 1944 4982 itus,
1977 4915 2012 4970 et
2032 4904 2119 4970 bene
2145 4903 2232 4969 rexit
2252 4903 2442 4990 imperium:
2464 4904 2530 4971 sed

512 4994 656 5061 testam
681 5005 787 5059 metro
812 4990 876 5058 olis
902 4989 1117 5077 Burgundiae
1145 4990 1224 5058 oiim
1268 4993 1324 5060 uit.
1369 4991 1495 5057 Postea
1545 4992 1589 5056 ad
1611 5001 1795 5056 extremum
1825 5002 1879 5055 est
1906 5009 2090 5076 oppressus
2113 5009 2135 5055 e
2160 4989 2304 5076 quodam
2331 5011 2374 5055 ex
2402 4990 2530 5074 eaptu-

512 5080 698 5167 migrarunt
728 5081 761 5144 in
784 5015 973 5164 Cequanos,
1008 5098 1129 5145 versus
1151 5076 1307 5159 Galliam,
1341 5089 1375 5145 et
1395 5097 1495 5145 occu·
1545 5077 1618 5145 neis
1644 5075 1771 5143 Phoco.
1825 5071 1885 5142 iile
1916 5076 2052 5145 invasit.
2067 5072 2403 5160 Constantinopolim:
2436 5076 2530 5164 cepit

511 5178 677 5254 paverunt
703 5165 803 5230 istum
831 5164 1099 5230 amoenissimum
1128 5177 1271 5232 tractum
1303 5164 1337 5230 iu
1366 5163 1494 5250 Sequa·
1545 5162 1742 5229 liiauricium
1762 5161 2012 5247 imperatorem,
2044 5163 2144 5230 conia
2189 5183 2221 5228 nr
2242 5163 2326 5243 eius,
2354 5159 2462 5244 iiiios,
2493 5173 2530 5230 et

512 5255 579 5331 nis,
613 5251 670 5338 qui
703 5248 803 5316 hodie
823 5249 1015 5332 Barprmdta
1042 5252 1171 5319 dicitur.
1215 5250 1263 5318 lbi
1290 5247 1352 5318 suit
1372 5251 1495 5338 prinoi-
1546 5248 1645 5329 illias,
1668 5250 1723 5336 qui
1746 5250 1895 5315 aderant.
1932 5249 2018 5315 Nam
2039 5270 2128 5315 unus
2186 5249 2239 5314 ius
2258 5261 2334 5315 erat
2349 5246 2528 5335 ablegatus

510 5333 1214 5511 :armantarmant
1229 5338 1495 5494 bilbili:
1545 5335 2529 5508 :biittnllttttltitllt¹¹titt‘⁰¹¹ilt.⁵nt⁶tt.t

511 5509 616 5581 muita
637 5511 761 5577 mentio
782 5511 817 5574 in
839 5507 999 5576 historiis.
1181 5544 1183 5546 ·
1545 5520 1638 5589 tere,
1669 5508 1704 5575 iu
1732 5520 1858 5596 quanto
1880 5505 1997 5574 dolore
2018 5509 2172 5574 steterint
2190 5518 2357 5595 parentes.
2399 5504 2529 5574 Postea

600 5596 695 5666 'lunc
717 5599 798 5665 vixit
815 5597 913 5664 edam
935 5595 1166 5686 Dagobertus,
1188 5598 1366 5684 quietim
1388 5599 1495 5688 gessit
1545 5591 2027 5672 ntaeuemrertecuesunn
2048 5593 2527 5681 tomCoustentineAugoste,

511 5703 634 5774 magne
662 5681 762 5754 belin.
816 5683 982 5754 Fuudsvit
1012 5682 1250 5752 monesterium
1277 5683 1314 5750 S.
1335 5680 1428 5753 Petri
1452 5704 1496 5755 nt
1544 5681 1834 5772 praestantissima
1857 5693 2030 5763 nenena,
2057 5680 2109 5749 ibi
2131 5680 2316 5769 imperator
2341 5678 2546 5751 lisanda·
