5934 6709
1120 686 1234 755 Puta.
1255 685 1360 755 ΗΕΒ.
1381 686 1569 756 SCllll’l'A
1589 686 1856 759 maante-a
2434 692 2506 765 111

736 882 859 970 cuia
894 881 971 968 aa
1001 881 1230 968 Mamer
1487 876 1552 963 tet
1574 873 1667 943 nuta
1687 889 1741 944 ,a
1761 890 1862 958 tem,
1886 900 1972 967 aa·
1999 882 2128 968 pereo
2154 893 2221 947 om
2250 878 2375 949 moto·
2396 880 2503 969 na·

1517 974 1660 1043 ratores,
1688 966 1776 1031 sieut
1808 966 1991 1032 Pannonia.
2057 968 2093 1031 8.
2122 966 2284 1034 llartiaos
2316 978 2417 1035 natus
2448 978 2502 1036 eat

571 1049 698 1117 Dicunt
730 1046 837 1117 inisse
869 1049 1089 1129 Pannoniam,
1123 1048 1244 1129 idest,
1276 1046 1339 1117 luit
1365 1058 1464 1115 natas
1487 984 1493 1101 l
1516 1048 1693 1130 Sabariae,
1720 1064 1754 1115 et
1777 1049 1838 1117 luit
1867 1053 2031 1138 principio
2052 1051 2159 1119 miles.
2224 1052 2285 1119 lta
2318 1067 2418 1121 natus
2452 1074 2497 1121 ex

483 1138 657 1205 Sabariae.
685 1135 750 1201 Uiri
772 1151 826 1202 est
846 1135 1010 1203 Sabariai
1042 1134 1118 1201 Non
1140 1131 1260 1220 procul
1280 1154 1303 1199 a
1324 1132 1465 1203 Vienna
1515 1130 1679 1201 familiae
1702 1138 1914 1217 castrinum
1936 1142 2031 1219 Adel,
2054 1154 2088 1205 et
2109 1134 2171 1207 iuit
2191 1138 2288 1205 miles
2311 1141 2375 1205 sub
2394 1138 2499 1225 impe·

483 1224 649 1292 Martinus
681 1220 743 1289 luit
775 1242 817 1288 ex
851 1223 1024 1289 Pannonia
1054 1222 1247 1306 superium
1280 1222 1357 1306 quia
1378 1222 1463 1287 seri·
1516 1231 1628 1285 ratore
1651 1157 1794 1300 iuliano,
1827 1226 1892 1289 aab
1914 1246 1982 1311 quo
2004 1226 2103 1291 etiam
2125 1226 2283 1292 discessit
2305 1246 2348 1291 ea
2370 1224 2498 1307 militia,

484 1311 569 1376 bunt
585 1328 701 1373 omnes
724 1330 798 1374 eum
821 1306 927 1375 luisse
956 1308 1202 1373 sabaricusem.
1246 1307 1390 1373 Sabaria
1412 1317 1466 1372 est
1514 1306 1603 1371 siout
1624 1303 1680 1371 alii
1702 1305 1812 1392 multi;
1845 1310 1924 1396 quin
1952 1306 2098 1377 lulianus
2134 1308 2195 1377 fuit
2215 1310 2317 1377 homo
2339 1312 2497 1397 impiitat-

484 1395 608 1463 ilumen
628 1392 717 1459 inira
736 1395 917 1473 Viennam,
953 1414 1022 1459 non
1043 1391 1184 1479 procule
1206 1389 1329 1459 Gaeoio
1352 1404 1464 1459 monte
1514 1411 1599 1476 mus,
1631 1403 1665 1456 et
1696 1390 1874 1480 Tyrannus
1908 1398 2085 1482 rnuirnus3
2116 1394 2189 1463 tulit
2278 1419 2341 1477 ern,
2370 1410 2408 1465 ut
2430 1419 2500 1467 nou

481 1484 600 1567 (debet
633 1481 731 1547 vobis
763 1493 845 1547 note
875 1501 954 1546 asse
976 1478 1182 1555 Germania).
1247 1477 1309 1543 Est
1330 1474 1464 1545 ultimus
1516 1478 1727 1561 pervenirent
1749 1481 1793 1544 ad
1815 1480 1982 1562 honores,
2015 1486 2071 1569 qui
2094 1496 2210 1549 essent
2232 1482 2260 1549 i>
2285 1485 2432 1549 rtsrtantr
2465 1484 2500 1551 id

483 1565 579 1633 lirnes
602 1566 802 1632 Germaniae
824 1564 967 1635 Gaeeiua
990 1586 1104 1644 mons,
1140 1579 1176 1631 ut
1196 1563 1275 1631 lieet
1295 1565 1409 1632 videre
1431 1565 1464 1630 in
1515 1574 1579 1643 est,
1601 1563 1694 1631 Dare
1709 1569 1873 1635 eeedtea
1893 1572 1996 1637 adtea
2013 1572 2061 1635 all
2080 1573 2173 1638 am
2194 1573 2252 1637 rar
2268 1570 2338 1637 aad
2349 1575 2506 1655 peltata!

484 1655 630 1741 antiquis
653 1654 945 1737 descriptionibus.
984 1651 1027 1717 Et
1049 1672 1114 1739 ego
1133 1652 1247 1731 eredo,
1268 1652 1358 1738 quod
1381 1649 1463 1719 caa-
1514 1651 1668 1717 berrutdel
1694 1672 1789 1735 cepa.
1860 1651 2116 1723 Valentinianus
2144 1663 2190 1723 iat
2212 1654 2346 1720 Martini
2370 1659 2500 1725 deam.

482 1740 558 1806 eiua
579 1742 624 1804 ait
645 1761 666 1804 a
688 1738 818 1806 Gittimr
846 1743 934 1807 deae
960 1742 1023 1805 der
1047 1750 1178 1804 tractus
1199 1741 1257 1805 dai
1271 1758 1372 1804 samer
1393 1736 1464 1803 ca-
1514 1753 1614 1802 Μηνὶ
1633 1756 1805 1817 amaea,
1839 1760 1914 1805 eum
1936 1762 2003 1826 quo
2027 1743 2127 1809 etiam
2150 1742 2309 1808 discessit
2330 1739 2498 1809 lilertinun

482 1826 541 1891 tim
559 1829 730 1909 peream
747 1846 851 1910 papea
868 1823 1014 1907 Uapern,
1037 1826 1107 1890 aad
1129 1822 1328 1889 lllaeedouia
1349 1827 1464 1891 lacrum
1515 1842 1558 1887 ex
1578 1820 1704 1889 militia.
1751 1823 1833 1890 Nam
1855 1837 1935 1891 tunc
1956 1824 2103 1893 lulianus
2125 1830 2238 1894 stabat
2257 1828 2301 1892 ad
2323 1824 2497 1912 tempium,

483 1921 552 1994 ter,
584 1932 623 1978 so
643 1915 715 1977 coeit
738 1914 791 1978 alr
811 1913 866 1977 die
886 1910 1090 1977 Macedones
1111 1917 1216 1992 repet
1233 1913 1358 1977 deden:
1409 1912 1464 1975 uia
1515 1920 1550 1973 et
1572 1908 1788 1975 sacrificabat
1810 1908 1908 1977 idolis
1930 1913 2121 1994 manifesta,
2154 1935 2229 1979 eum
2262 1925 2375 1979 minen
2403 1924 2499 1979 esset

486 1998 583 2065 valde
602 1994 721 2084 procul
742 2009 934 2084 regnarunt.
966 1997 1041 2063 Non
1064 1993 1184 2083 proeul
1204 2016 1226 2061 u
1247 2008 1359 2061 monta
1381 1931 1463 2064 Gne·
1514 1993 1637 2077 optime
1659 1995 1818 2062 educatus
1842 2012 1875 2062 et
1890 1998 2080 2079 institutus,
2112 2012 2146 2065 et
2172 1998 2294 2065 luisset
2313 1996 2496 2086 aliquando

485 2086 538 2151 eio
560 2082 620 2150 i'uit
643 2085 739 2149 etiam
763 2085 884 2149 civitas
906 2083 1059 2162 Sabaria,
1091 2102 1133 2147 ex
1166 2102 1235 2169 qua
1261 2078 1323 2148 luit
1347 2080 1462 2147 Marti·
1513 2075 1621 2146 lector
1643 2081 1676 2145 in
1688 2078 1844 2148 Ecclesia
1854 2082 2241 2172 Constantinopolitana;
2262 2097 2395 2170 postea,
2443 2106 2497 2155 ro·

484 2191 560 2237 nun.
604 2168 828 2236 Considerate
851 2167 937 2246 ioca,
959 2190 997 2236 er
1013 2176 1059 2236 tat
1074 2174 1163 2254 seta,
1191 2172 1271 2235 data
1291 2188 1368 2235 maa
1388 2170 1463 2234 ara-
1514 2178 1590 2249 pter
1611 2170 1846 2251 praestantiam
1868 2166 2031 2251 familiae,
2067 2184 2119 2239 est
2141 2174 2172 2239 ei
2195 2173 2294 2237 datus
2311 2108 2493 2252 exerent,

484 2265 563 2339 trarp
583 2262 660 2339 ruff
673 2260 782 2324 rorcte
791 2255 978 2338 dmpdadm
999 2255 1150 2321 ἀαπιαώ
1170 2256 1350 2338 &celeiae
1369 2250 1489 2321 aare·
1514 2263 1548 2317 et
1581 2265 1635 2319 eet
1666 2250 1831 2321 salutatus
1865 2255 2048 2341 imper-ator
2099 2259 2215 2331 rirnnm
2241 2260 2275 2323 in
2303 2255 2494 2335 Germania,

483 2355 614 2409 tractus
647 2340 733 2409 inira
767 2342 930 2406 Viennam
962 2345 1060 2408 laland
1129 2345 1186 2408 aot
1218 2342 1378 2406 Noricum
1406 2360 1463 2422 pe·
1513 2338 1732 2425 Argentinee,
1753 2360 1794 2407 aa
1822 2343 2006 2426 Strmburp.
2073 2281 2255 2430 lostquam
2289 2356 2494 2430 occupasset

481 2429 622 2508 husen,
654 2433 705 2497 ta
736 2449 781 2495 aa
812 2431 866 2497 dle
898 2441 1030 2494 montes
1058 2393 1212 2495 Gaeeios.
1273 2426 1375 2493 Uater
1395 2430 1460 2493 dea
1513 2425 1698 2509 imperinm,
1719 2423 1829 2510 palam
1852 2430 1973 2494 abiecit
1994 2431 2179 2497 doctrinam
2201 2428 2441 2507 Christianam,
2460 2440 2494 2495 et

481 2516 649 2580 montibus
671 2514 802 2581 Caeciis
834 2517 909 2581 dats
929 2512 1104 2580 Pannonia
1130 2516 1322 2597 praetcrea:
1355 2513 1459 2578 Saba·
1512 2510 1594 2577 ieeit
1613 2508 1789 2577 nrauiieate
1809 2514 1920 2598 impia.
1963 2515 2057 2584 Fecit
2077 2518 2291 2594 numismata,
2312 2516 2349 2581 in
2370 2517 2493 2603 qtribna

480 2602 531 2667 ria
563 2598 625 2666 suit
657 2603 690 2666 in
724 2600 913 2666 Parroonia:
955 2603 1068 2666 ttauad
1095 2609 1140 2667 tet
1169 2621 1207 2666 ea
1234 2597 1347 2687 aliqua
1378 2618 1458 2685 pars
1511 2594 1575 2663 iuit
1596 2598 1759 2683 impressa
1782 2600 1892 2686 imago
1914 2622 1995 2680 aaa,
2028 2605 2083 2669 uui
2110 2603 2232 2688 iupiter
2260 2602 2376 2668 tribuit
2398 2621 2492 2667 coro

480 2686 649 2753 Austrlae.
678 2689 909 2771 Steyermurek
928 2688 999 2752 aad
1021 2688 1204 2753 orrerretca
1225 2692 1281 2765 iet,
1301 2688 1363 2753 dea
1382 2704 1460 2750 man
1512 2703 1606 2760 nam3
1629 2682 1742 2748 i'allas
1764 2685 1866 2751 inlicit
1887 2688 1918 2753 ei
1942 2690 2103 2769 trabeam,
2120 2703 2154 2755 et
2164 2687 2354 2756 Mercurius
2376 2686 2490 2755 tribuit

478 2793 600 2840 maora
631 2777 688 2840 dai
716 2779 835 2854 penem
865 2772 1036 2839 Noricum·
1102 2774 1157 2841 leit
1174 2774 1278 2849 luite,
1300 2772 1457 2836 Noricum
1513 2770 1544 2833 ei
1566 2781 1743 2855 sceptrum.
1786 2768 1836 2836 lta
1857 2770 1937 2837 lusit
1957 2770 2015 2839 ilie
2039 2796 2191 2862 nequam.
2223 2778 2271 2842 Isi
2292 2774 2490 2862 ingeniosus

479 2879 541 2944 eey
562 2881 581 2924 a
604 2860 749 2926 dictione
771 2864 861 2939 dart,
882 2879 903 2921 a
925 2855 1176 2943 septentrionali
1204 2872 1308 2943 parte.
1352 2862 1391 2923 Ia
1412 2858 1460 2923 ul·
1510 2876 1666 2940 petoeaen,
1688 2856 1746 2921 lut
1764 2854 2025 2941 eisosuntasirt,
2057 2874 2094 2926 ut
2115 2863 2322 2947 significaret
2345 2861 2490 2926 divinum

479 2950 533 3012 lea
553 2952 688 3017 scorteu,
721 2964 771 3010 (νο
803 2948 866 3011 dae
896 2948 981 3011 Neri
1000 2951 1044 3011 t'et
1059 2945 1092 3009 in
1115 2943 1313 3009 Germanica
1334 2940 1461 3031 lingue,
1513 2941 1667 3028 quiddam
1691 2961 1770 3008 esse
1787 2945 1975 3029 imperium:
1998 2947 2075 3012 item
2094 2960 2250 3033 oportere
2272 2948 2412 3050 {ruperia
2434 2946 2490 3011 ad·

479 3034 526 3098 da
545 3036 673 3116 kontptr
694 3052 714 3095 a
736 3032 829 3109 Nori,
850 3031 883 3094 id
901 3042 966 3107 ast,
983 3028 1235 3115 septentrionali
1257 3042 1362 3134 parte.
1511 3026 1688 3093 ministrari
1716 3026 1877 3115 singulari
1905 3034 2075 3115 sapientia.
2119 3033 2262 3119 Scripsit
2284 3046 2388 3097 ctiam
2411 3050 2489 3096 eon·

566 3118 723 3184 Noricum
741 3136 808 3182 non
830 3129 883 3181 est
899 3137 922 3182 a
942 3114 1087 3196 Nerone,
1108 3116 1197 3181 siout
1226 3114 1328 3203 aliqui
1356 3114 1460 3182 stulte
1511 3125 1564 3178 tra
1585 3112 1809 3194 Christianos,
1835 3127 1870 3180 et
1892 3114 2053 3185 refutatur
2074 3141 2095 3185 a
2117 3119 2185 3185 Gre
2212 3121 2284 3184 orio
2303 3117 2488 3183 Nouianae

480 3204 642 3270 derivant.
685 3202 825 3270 lstauolr
846 3203 926 3268 ircim
943 3201 1089 3269 llomero
1110 3201 1234 3289 νώροπα
1254 3192 1379 3285 gatair.
1407 3205 1461 3268 Bu
1510 3220 1567 3279 no,
1590 3212 1654 3266 cte.
1687 3199 1754 3265 Die
1775 3202 1813 3265 rii
1875 3205 1939 3268 solt
1960 3204 2014 3269 ilrr
2034 3208 2158 3271 nissen.
2188 3142 2304 3290 lame
2327 3217 2381 3269 est
2400 3201 2489 3269 Glari-

479 3294 554 3358 aare
576 3292 733 3358 amarae
755 3287 888 3355 fodinas
917 3285 997 3353 ferri
1013 3292 1150 3371 pedeti,
1182 3296 1243 3355 rete
1264 3292 1346 3358 aurit
1367 3291 1458 3356 aeci.
1511 3288 1655 3353 edanum
1678 3287 1810 3353 neaeire
1845 3290 2003 3357 ristoriam
2021 3290 2205 3359 Ecclesiae.

479 3374 523 3441 Et
544 3376 664 3442 Strabo
687 3377 739 3441 sia
759 3376 919 3442 nominat.
966 3376 1113 3443 Gedenltt
1141 3395 1187 3442 aa
1208 3378 1262 3443 tite
1283 3376 1458 3460 untiquita-
1598 3372 1678 3437 Nem
1708 3373 1770 3438 der
1802 3374 1958 3456 ri'ciraiolr,
1989 3380 2124 3463 quando
2152 3376 2356 3444 sacrificavit
2377 3374 2488 3455 idolis,

478 3472 532 3527 tes
554 3462 764 3527 Germaniae.
807 3461 875 3528 Die
895 3466 984 3528 alten
1004 3458 1258 3547 Appellatioues
1284 3465 1357 3537 Ort,
1379 3464 1458 3543 Suri,
1509 3458 1581 3524 und
1601 3459 1703 3525 stema
1723 3472 1801 3525 aute
1821 3460 1963 3542 idolunr,
1984 3466 2077 3530 stetit
2098 3466 2141 3529 ad
2163 3463 2255 3533 iores
2276 3461 2398 3529 sacelli
2420 3462 2488 3528 Tri·

404 3538 415 3553 '
486 3552 576 3630 Wect,
602 3553 691 3631 Nori,
714 3548 837 3613 debant
865 3549 960 3613 vobis
983 3566 1062 3615 esse
1090 3560 1200 3614 notae.
1271 3551 1457 3633 osterreich
1510 3547 1619 3611 bonus
1651 3543 1786 3612 rnilitum
1816 3544 2079 3616 Valentinianus.
2126 3551 2173 3617 lbi
2202 3572 2277 3616 eurn
2300 3551 2488 3639 praeteriit·

477 3654 619 3721 regnum
650 3633 836 3712 orientale,
884 3637 1037 3701 Wertrtck
1069 3638 1233 3701 dederim
1265 3634 1298 3700 in
1334 3631 1457 3714 Gallia,
1509 3644 1562 3697 act
1583 3631 1746 3699 Etlrnieua
1767 3632 1999 3718 saeriiiculua,
2030 3652 2063 3706 et
2085 3641 2286 3727 aspersisset
2309 3660 2385 3711 eum
2403 3662 2487 3732 aqu·

475 3724 669 3803 Norteepea
687 3722 720 3784 in
741 3718 867 3799 Dania,
897 3730 961 3789 eto.
1026 3720 1185 3787 Noricum
1214 3719 1268 3787 vel
1290 3721 1378 3786 sieut
1399 3719 1456 3788 ho·
1509 3715 1653 3800 lustrali,
1669 3725 1782 3809 ecliup
1803 3743 1842 3788 er·
1861 3726 1925 3790 den
1946 3723 2081 3811 Ptaffea
2101 3731 2154 3795 iae
2174 3730 2352 3814 anpericlrt.
2396 3731 2486 3797 llaec

476 3807 532 3872 die
554 3820 707 3885 vocatur,
727 3805 868 3884 Norica,
900 3808 952 3872 eia
972 3811 1068 3873 carra
1089 3806 1221 3886 Norici,
1241 3805 1356 3875 ultima
1377 3829 1457 3893 pars
1511 3826 1584 3872 eum
1608 3808 1748 3874 vidisset
1766 3810 1923 3892 lulianus,
1945 3818 2112 3881 araruluvit
2122 3814 2324 3883 satellitibus
2346 3820 2432 3897 sula,
2450 3828 2485 3883 ut

476 3891 711 3969 Gennanieae,
738 3895 816 3959 bald
835 3896 941 3958 rurrler
975 3893 1082 3975 Wint,
1113 3896 1233 3959 dieder
1260 3896 1367 3961 arder
1393 3898 1457 3962 den
1510 3894 1828 3979 comprehenderent
1864 3896 2135 3967 Valentinianum.
2199 3904 2314 3990 ltaque
2347 3918 2485 3970 coactns

478 3976 612 4044 Gaeeiis
634 3979 820 4054 montibns3
840 3981 984 4045 docelini
998 3982 1058 4045 irai
1081 3985 1288 4063 cnffesuapen
1315 3977 1371 4046 illa
1394 3993 1456 4047 tra·
1509 3991 1563 4044 est
1596 3979 1733 4067 sugere:
1772 3985 1840 4048 uari
1875 3988 1935 4052 urit
1967 3989 2037 4053 rtem
2069 3998 2112 4055 tat
2144 3989 2308 4055 Martinus
2339 4008 2483 4077 panope}

478 4077 564 4146 etus,
587 4065 644 4152 qui
665 4064 785 4131 dieitur
801 4068 971 4134 Pomona
986 4074 1146 4149 ceperim
1509 4064 1631 4131 Postea
1653 4072 1717 4132 sub
1736 4068 1871 4135 loriano
1900 4087 2078 4140 revocatus
2102 4090 2154 4141 est
2177 4076 2435 4143 Valentinianus

1596 4151 1758 4220 lilartinus
1780 4169 1889 4223 autem
1910 4160 2003 4225 rediit
2031 4164 2076 4227 ad
2103 4164 2231 4242 studia,
2263 4176 2297 4229 et
2329 4166 2424 4231 venit
2453 4165 2488 4229 in'

695 4241 817 4327 Unde
847 4242 993 4326 dicitur
1023 4243 1243 4327 Pannonia„
1510 4236 1672 4321 Galliam,
1703 4254 1736 4309 et
1758 4243 1943 4311 sacrosan
1966 4244 2155 4334 Episcopus
2176 4249 2428 4325 'lauronensia
2450 4262 2481 4317 et

806 4342 808 4349 ·
1508 4327 1622 4391 docuit
1645 4326 1742 4393 valde
1764 4327 1914 4398 fideliter.
1958 4332 2237 4403 constantissime
2259 4336 2409 4404 defendit
2430 4358 2481 4403 ve·

563 4407 778 4492 Respondes.
822 4406 928 4481 Quasi
949 4415 1142 4489 Perustae
1165 4408 1313 4491 Paeone,
1336 4412 1457 4477 eotnite
1508 4415 1636 4477 ritatem
1661 4429 1778 4481 eontra
1806 4435 1968 4483 venenum
1988 4421 2197 4487 Arianorum.
2241 4423 2318 4489 Dor
2338 4428 2394 4490 col
2412 4440 2482 4491 mea

475 4492 628 4561 llereulis
660 4496 711 4558 sie
744 4495 851 4573 diota,
889 4496 945 4580 qui
967 4498 1060 4561 duxit
1082 4515 1123 4560 oo
1146 4494 1310 4562 Graecam
1329 4495 1455 4563 uoloni·
1505 4500 1690 4565 soaderiirir
1710 4502 1856 4568 arercien
1876 4506 1908 4567 in
1931 4504 2076 4573 historiis
2088 4508 2300 4587 Sanctorum,
2322 4512 2405 4595 qnid
2427 4514 2482 4577 do·

474 4604 539 4646 arn.
583 4579 626 4644 Et
648 4600 713 4665 ego
734 4582 837 4645 eredo
854 4578 995 4646 Paeonis
1018 4602 1138 4647 nomen
1161 4602 1239 4649 esse
1261 4596 1387 4649 tantum
1405 4585 1452 4649 in·
1507 4588 1635 4651 ruerint
1657 4600 1689 4651 et
1712 4591 1954 4673 praestiterint3
1977 4596 2143 4678 quomodo
2166 4595 2379 4662 defenderint
2400 4598 2480 4664 reri·

475 4669 745 4754 terpretationem
767 4667 909 4733 nominis
939 4669 1056 4750 cuam,
1078 4670 1167 4754 quod
1195 4670 1364 4756 signifieat
1381 4692 1452 4755 per·
1505 4674 1582 4737 tatis
1605 4672 1861 4742 oonsessionam.
1907 4677 2080 4747 Venenum
2109 4680 2269 4747 Arianum
2292 4679 2396 4749 valde
2419 4682 2480 4750 late

474 4772 651 4819 enasoresr
684 4762 781 4833 autu,
813 4749 910 4832 lario,
943 4755 1105 4838 percutio,
1138 4757 1268 4840 quatior
1297 4758 1451 4824 Dnrrtaolr
1503 4772 1721 4846 propagatura
1744 4774 1797 4827 est
1817 4765 1881 4827 suo
1909 4763 2143 4832 Valentiniano
2174 4778 2208 4832 et
2229 4765 2387 4847 Valente,
2427 4769 2480 4856 qui

473 4844 532 4907 det
550 4861 645 4907 atam
667 4841 710 4904 ad
733 4837 922 4925 Apollinem
940 4860 1093 4923 paupert.
1121 4838 1304 4908 Goluerunt
1325 4845 1369 4907 ibi
1391 4842 1450 4909 eli·
1503 4848 1602 4911 ctiam
1636 4848 1708 4931 ipse
1740 4847 1800 4913 luit
1833 4848 1975 4917 iniectus
1998 4872 2128 4918 veneno
2150 4852 2240 4925 Aritr
2273 4856 2319 4921 iet
2339 4856 2481 4923 (ώσω

473 4928 563 5012 qnod
585 4947 718 5006 numen,
740 4928 827 4993 strat
849 4937 901 4990 est
931 4927 1087 4992 usitatum
1114 4929 1285 4994 instituere
1312 4926 1450 4995 idolola-
1502 4934 1653 4999 durarunt
1673 4934 1748 4999 abel
1768 4955 1941 5021 :uperrqaa
1964 4935 2118 5024 Cogitate
2139 4938 2271 5005 illorum
2296 4952 2362 5007 tarn
2389 4962 2480 5008 orum

472 5015 568 5076 trias:
591 5013 743 5078 dixerunt
764 5010 844 5077 illud
867 5011 996 5105 Numen
1018 5016 1159 5094 Paeona,
1176 5011 1358 5080 lerientem.
1403 5021 1453 5082 lat
1502 5018 1731 5099 confusiones,
1753 5033 1787 5087 et
1809 5033 1846 5086 ut
1866 5021 1996 5089 lucilius
2007 5027 2145 5110 possitis
2163 5027 2327 5113 cogitare,
2349 5041 2480 5116 signate

471 5107 578 5163 amaa
603 5103 753 5166 mamaea
779 5100 823 5164 ab
851 5097 895 5164 alr
922 5121 964 5165 ua
991 5099 1139 5167 victoria.
1182 5100 1386 5167 lilementote
1412 5099 1448 5166 il·
1500 5117 1661 5191 tempora.

471 5181 527 5247 las
549 5181 788 5266 pulcherrimas
810 5184 911 5271 appel
947 5188 1072 5252 tiones:
1105 5198 1139 5252 et
1168 5190 1366 5272 praesertim
1384 5188 1449 5253 ori·
1586 5197 1767 5277 imperator
1789 5189 2040 5262 Valentinianus
2063 5197 2155 5277 Pius,
2178 5197 2301 5264 mansit
2319 5214 2479 5267 constans

470 5271 582 5419 pinam
610 5280 645 5335 et
677 5267 895 5376 genealogias
917 5275 1026 5359 gentis
1055 5273 1284 5349 Parmenieaer
1316 5276 1394 5379 qpia
1414 5275 1448 5339 in
1499 5278 1533 5341 in
1573 5298 1654 5343 vera
1686 5281 1855 5383 doetrinae
1884 5280 2000 5347 habuit
2028 5285 2114 5349 duas
2143 5285 2325 5369 eoniuges,
2355 5293 2402 5353 tet
2431 5294 2479 5353 cia

498 5352 532 5418 io
554 5366 664 5420 tractu
684 5376 740 5419 rea
763 5377 922 5424 maxumae
937 5371 1061 5509 kpastae
1083 5371 1179 5434 sunt3
1202 5359 1362 5425 ethaburt
1383 5371 1448 5425 asta
1496 5369 1663 5447 frommer,
1685 5369 1913 5450 mulfrickttper
1927 5371 2218 5453 Gotterfurclrttper
2239 5373 2359 5439 Ketset·
2377 5392 2477 5455 pene·

471 5461 556 5528 gena
580 5442 671 5505 viros
693 5437 904 5508 fortissimos.

468 5547 552 5611 pora
574 5523 692 5614 religio
715 5529 781 5593 cito
805 5540 859 5595 est
879 5541 1106 5618 transportata
1127 5534 1160 5597 in
1178 5530 1348 5599 istaloea=
1370 5533 1447 5619 quia
1498 5540 1629 5603 amarat
1659 5546 1712 5604 eta
1737 5546 1847 5622 setner
1875 5544 1955 5608 lterr
1971 5561 2133 5622 praesen,
2168 5544 2289 5609 doetus
2323 5556 2357 5609 et
2390 5548 2479 5612 indu·

465 5614 620 5698 praebuit
642 5610 700 5679 ilia
722 5626 813 5680 terra
834 5629 1054 5683 commeatum
1064 5614 1216 5705 pluribus
1237 5620 1448 5707 regionibua3
1468 5582 1474 5701 l
1497 5623 1613 5690 atrius.
1656 5622 1854 5693 interiectus
1881 5647 1903 5692 a
1928 5626 2074 5693 lilaximo
2104 5627 2276 5713 pandecte
2298 5632 2333 5697 in
2355 5630 2479 5709 Gallia.

966 5460 980 5510 t
1007 5460 1085 5530 post
1106 5445 1346 5532 Apostolorum
1366 5458 1448 5512 tem·
1469 5521 1475 5553 ι
1498 5470 1567 5516 aen.
1611 5453 1738 5518 Severa
1755 5454 1899 5519 ooaiunx
1917 5475 2002 5531 urra;
2024 5455 2205 5523 Gratianus
2227 5454 2338 5538 iilius,
2359 5464 2424 5526 dae
2441 5464 2482 5527 itt
