5934 6709
475 601 542 673 aaa
657 546 663 557 ’
1114 594 1226 662 enm.
1249 593 1354 661 nan.
1376 593 1565 663 seuera
1586 592 1854 663 amoenos.
2169 598 2174 603 ·
2432 594 2502 662 ato

472 746 477 753 ι
562 788 615 856 iii.
661 788 823 869 Doctrina
845 801 920 868 est,
955 787 1044 874 quod
1066 784 1161 851 Deus
1191 785 1372 871 prospiciat
1394 783 1460 850 Ec·
1511 785 1663 850 remonia
1684 796 1737 851 est
1759 784 1916 850 divinitus
1938 783 2285 933 institutaquiaaeipse
2305 782 2410 852 habat
2420 805 2501 871 pro-

477 875 612 957 clesiae,
630 876 688 942 dat
710 877 740 941 ei
762 875 914 942 viaticum
938 885 1003 941 etc.
1027 870 1271 954 [leccestrasira
1288 871 1415 935 taCod.
1430 873 1458 934 2.
1511 871 1689 936 missiones
1710 891 1732 936 a
1753 868 1840 949 Deo,
1864 869 1927 931 aad
1959 890 1992 932 es
2022 868 2079 932 irat
2106 872 2157 931 eia
2224 878 2335 932 tzcraee
2357 871 2496 934 musica

476 982 540 1026 aas
561 962 728 1046 dspicatm]
1509 955 1634 1038 palladi,
1656 957 1701 1021 du
1723 955 1877 1022 Christus
1899 976 1957 1019 cor
1978 955 2171 1021 bacchatim
2192 978 2279 1028 war,
2314 956 2379 1019 aaa
2400 958 2499 1041 pelte!

1510 1042 1652 1103 domuel
1670 1064 1706 1105 zu
1720 1042 1870 1114 iotanae,
1892 1042 1956 1104 aad
1977 1042 2037 1106 icet
2057 1042 2127 1107 tt'clt
2148 1042 2273 1126 lauffett,
2294 1044 2359 1106 atad
2381 1044 2496 1107 adsit

1509 1148 1569 1189 von
1592 1128 1649 1189 der
1671 1130 1899 1193 circumcisian.
2370 1169 2375 1176 -

475 1235 699 1307 noutuica
738 1233 853 1302 POST
888 1229 1066 1298 FESTUM
1098 1227 1457 1298 ClRCUMClSIONIS

881 1334 1050 1403 ΒΟΜΙΝῙ·
1509 1355 1666 1441 Suntne
1703 1350 1960 1441 sacramenta
1996 1370 2159 1442 tantum
2195 1358 2312 1473 signa
2348 1360 2495 1443 distin-

708 1475 770 1540 DE
788 1471 1015 1539 BAPTiSth
1038 1469 1220 1539 CllRiS'l'i.
1792 1477 1933 1561 opionis
1963 1478 2203 1563 hominum?
2238 1502 2245 1511 ·

638 1594 743 1673 (⁰⁰⁰f'
777 1591 856 1660 v⁰l‘
889 1592 1009 1661 xxlv‘
1042 1615 1076 1678 μ
1108 1592 1174 1658 23⁴
1206 1604 1296 1680 ΜΝ)
1596 1640 1810 1727 Respondeo.
1854 1642 1947 1718 Nona
1970 1644 2032 1710 sed
2065 1642 2164 1710 etiam
2191 1654 2228 1711 nt
2250 1664 2395 1732 agamus
2418 1666 2495 1713 curn

562 1731 757 1814 Epiphaneia,
779 1733 813 1797 id
835 1744 938 1811 est,a
964 1732 1106 1817 paritio,
1138 1731 1172 1795 in
1196 1748 1322 1816 genere
1342 1729 1457 1796 ioemi·
1509 1727 1604 1805 Deo;
1625 1730 1704 1794 item
1725 1740 1761 1793 ut
1790 1729 1937 1795 sciamus
1972 1731 2036 1797 ista
2069 1748 2147 1797 esse
2179 1732 2278 1818 signa
2312 1727 2495 1798 voluntatis

474 1823 573 1897 nino,
594 1821 645 1879 cia
667 1819 880 1900 mactet-naam.
953 1817 1114 1898 piphaato
1146 1817 1280 1902 quando
1310 1828 1364 1881 est
1395 1836 1456 1880 no·
1509 1813 1574 1880 Dei
1590 1834 1674 1903 erga
1696 1833 1781 1894 nos,
1801 1827 1934 1963 ¹postea
1966 1817 2045 1902 qnia
2067 1824 2199 1903 oportet
2220 1836 2299 1882 esse
2321 1817 2424 1922 signa
2445 1817 2493 1885 di·

476 1902 667 1985 menfesti,
701 1918 781 1969 tone
802 1915 856 1970 est
877 1906 1003 1968 inumeri
1025 1900 1177 1987 pluralis,
1194 1916 1227 1966 et
1248 1902 1335 1981 idem
1357 1903 1457 1988 signi·
1509 1901 1712 1988 stingnentia
1735 1920 1799 1965 con
1816 1903 1972 1967 essionis.
2016 1898 2183 1969 iohannes
2205 1903 2390 1991 baptizavit
2412 1904 2491 1971 divi

475 1993 565 2057 licat.
624 1991 670 2051 Im
704 1991 860 2052 calenda
892 1990 991 2052 siebat
1025 1988 1175 2050 Obcrsten
1211 1991 1271 2066 [sic
1305 1988 1387 2052 Cod.
1408 1994 1456 2058 !.‚·
1510 1988 1599 2054 nitus
1621 1997 1776 2064 vocatus,
1798 1999 1831 2053 ει
1853 1986 1969 2054 habuit
1990 1990 2180 2054 testimonia
2200 1988 2416 2075 divina,quia
2436 2011 2492 2057 ve·

477 2077 558 2142 eod.
581 2081 617 2142 2.
634 2077 741 2141 bobeta
764 2077 942 2160 abactam
973 2076 1074 2143 credo
1104 2094 1181 2140 esse
1208 2072 1391 2141 mutilatum
1413 2094 1456 2140 ex
1509 2075 1557 2140 nit
1578 2074 1622 2138 ad
1644 2093 1718 2138 eum
1732 2070 1886 2138 Christus
1908 2074 1993 2160 ipse,
2011 2086 2045 2140 et
2066 2071 2325 2162 vuitbaptizari,
2370 2074 2396 2139 1.
2414 2073 2494 2141 ideo

475 2161 704 2244 Ετεεήείηεηρ,
727 2164 817 2228 sient
839 2162 952 2225 Ortcrn
975 2182 1017 2227 ex
1043 2161 1201 2234 arstcben,
1225 2162 1258 2225 id
1282 2172 1346 2241 est,
1367 2161 1455 2241 affer·
1509 2155 1581 2226 vuit
1602 2158 1764 2245 baptizari
1786 2157 1964 2241 Christus,
2021 2162 2076 2228 uia
2107 2160 2181 2247 ipse
2208 2160 2281 2228 vuli
2302 2163 2493 2247 approbare

475 2248 590 2313 mter.
806 2281 813 2291 ·
1425 2254 1427 2259 '
1510 2246 1710 2331 baptismum
1731 2243 1899 2313 lobannis.
1949 2242 2003 2321 Qu
2066 2248 2141 2335 ipsc
2173 2249 2378 2335 baptizaturi
2410 2266 2492 2334 crgo

561 2334 688 2400 Dicunt
709 2336 828 2417 eodem
850 2336 904 2399 die
925 2346 1004 2418 post
1021 2332 1187 2399 warnos
1200 2331 1366 2398 Christum
1378 2352 1456 2399 esse
1509 2332 1686 2420 approbat.
1741 2330 1819 2396 Non
1852 2332 1987 2398 damnat
2014 2335 2158 2419 priorem
2191 2330 2405 2409 Ecclesiam,
2432 2334 2492 2401 sed

476 2422 690 2508 baptizatum.
734 2420 879 2486 Veteres
909 2421 1120 2486 nominarunt
1153 2417 1242 2484 hunc
1271 2420 1358 2484 diem
1379 2418 1456 2505 Epi·
1509 2418 1680 2504 coniungit
1728 2414 1826 2483 simul
1874 2418 2159 2486 circumcisionem
2203 2433 2236 2487 ει
2279 2420 2490 2507 baptismum.

475 2508 599 2594 phania
633 2517 770 2591 propter
806 2507 984 2573 exhibitam
1010 2518 1043 2572 at
1064 2517 1283 2572 monstratam
1305 2505 1455 2571 divinita-
1507 2503 1547 2569 il.
1592 2504 1679 2580 Quia
1700 2501 1806 2569 voluit
1827 2524 1906 2569 esse
1924 2508 2106 2572 membrum
2138 2504 2236 2573 huius
2270 2519 2411 2573 nostrae
2429 2505 2493 2572 Ee

475 2595 592 2660 tamin
616 2594 779 2678 baptismo
802 2591 946 2671 Christi,
970 2612 1037 2657 non
1059 2613 1080 2657 a
1102 2589 1219 2671 stella,
1247 2610 1333 2677 quae
1355 2612 1456 2678 appa·
1509 2588 1656 2670 clasiae,
1689 2608 1777 2675 quae
1799 2601 1852 2657 est
1873 2591 2038 2676 baptismo
2061 2590 2217 2667 collecta,
2258 2590 2312 2659 iii.
2360 2588 2491 2659 Caussa

475 2682 541 2746 ruit
562 2678 685 2764 Magis,
707 2677 781 2755 rel;
801 2691 839 2744 ut
859 2678 917 2744 ille
938 2675 1151 2745 sacrificulus
1174 2677 1325 2756 dicebat,
1349 2674 1455 2742 fnisse
1508 2697 1632 2744 arcano
1655 2687 1718 2741 est.
1764 2673 1880 2741 Voluit
1907 2678 2098 2765 significare
2126 2699 2189 2746 sno
2213 2676 2381 2765 baptismo
2402 2674 2491 2745 ablui

475 2762 646 2832 mulierem
668 2766 834 2850 quandam
855 2766 1018 2830 nutricem
1041 2761 1176 2829 Christi.
1507 2775 1623 2828 nostra
1640 2774 1782 2849 peccata
1803 2764 1837 2827 io
1864 2783 1927 2828 sno
1951 2785 2116 2849 corpore,
2149 2767 2183 2831 in
2216 2785 2281 2831 suo
2301 2768 2489 2852 sangnine·

561 2850 713 2912 Iordanis
729 2852 831 2915 credo
855 2850 1050 2935 simpliciter
1067 2869 1145 2915 esse
1166 2848 1313 2927 alcreth,
1334 2850 1366 2913 id
1389 2861 1454 2929 est,
1508 2850 1604 2923 Quae
1625 2847 1680 2914 hic
1701 2861 1846 2934 aguntur
1867 2851 1900 2912 in
1925 2852 2112 2936 baptismo,
2146 2853 2314 2937 pertinent
2342 2853 2388 2916 ad
2414 2871 2492 2916 con·

477 2938 668 3009 descensio,
691 2939 741 2996 ein
765 2937 911 2998 abrabam
931 2958 1000 2998 aona
1020 2936 1142 3019 μείνῃ,
1165 2942 1366 3085 puamquam
1398 2934 1469 3031 alii·¹
1506 2930 1700 3003 sessionem.

445 3025 589 3089 'dicunt
611 3042 688 3087 csse
710 3022 824 3088 alata
846 3033 879 3089 et
888 3024 977 3102 Dan,
999 3023 1076 3109 quia
1095 3023 1156 3088 ibi¹
1181 3022 1227 3089 uit
1248 3018 1470 3088 tubusDan2¹
1539 3051 1548 3070 .
1593 3019 1751 3087 iohannis
1774 3023 1941 3086 recusatio
1959 3034 2011 3086 est
2032 3024 2129 3089 etiam
2151 3025 2286 3112 signum
2306 3021 2490 3089 confessio·

475 3110 560 3182 laer,
583 3109 701 3188 idest,
724 3120 871 3189 torrens,
893 3113 943 3171 cia
964 3109 1053 3172 barb.
1195 3118 1199 3131 ·
1356 3128 1358 3133 ·
1507 3111 1576 3174 nis:
1603 3106 1649 3169 ib
1665 3114 1704 3169 ²er
1724 3106 1868 3169 ιιοεηίηιιε
1887 3106 2147 3191 Ιιείιεε,ὀαριίειεί
2158 3157 2166 3183 ,
2199 3130 2299 3195 nepae
2330 3130 2408 3192 opat
2437 3117 2489 3175 ast

561 3195 630 3262 lsta
652 3196 800 3261 narratio
828 3197 871 3261 de
897 3198 1063 3281 baptismo
1096 3195 1243 3261 continet
1271 3195 1455 3261 doctrinam
1507 3196 1567 3260 tibi
1582 3196 1751 3278 baptismo.
1797 3193 1928 3261 Deinde
1949 3194 2080 3261 additur
2108 3196 2272 3283 baptismo
2295 3193 2422 3263 Christi
2442 3207 2491 3263 te-

476 3283 616 3348 duorum
663 3282 913 3348 rarissimorum
934 3279 1103 3348 locorum:
1126 3280 1152 3347 l.
1176 3281 1288 3355 Quare
1300 3280 1459 3348 Christus
1508 3283 1697 3349 stimonium
1725 3279 1827 3346 totius
1859 3279 2036 3360 trinitatis,
2069 3303 2156 3370 quae
2187 3285 2356 3371 approbat
2387 3283 2490 3368 bapti·

475 3365 621 3435 voluerit
637 3302 815 3455 iaptizari.
862 3368 903 3432 ii.
936 3367 1174 3435 Testimonium
1208 3368 1388 3434 divinitatis
1421 3369 1454 3432 in
1508 3391 1625 3438 smum.
1671 3366 1805 3444 Tuas,
1839 3366 1896 3453 qai
1923 3369 2092 3449 restituis,
2149 3372 2181 3438 ni
2202 3370 2411 3451 sanctificas,
2434 3369 2492 3456 qui

476 3452 623 3533 Christo,
645 3466 679 3519 et
701 3456 864 3540 apparitio
886 3457 985 3521 trium
1008 3474 1230 3540 personarum
1264 3454 1454 3521 divinitatis.
1508 3454 1599 3526 toliis
1622 3464 1768 3542 peccata
1817 3450 1928 3520 Docet
1960 3474 2023 3521 nos
2056 3391 2147 3543 impi

474 3538 681 3626 Xenophon:
704 3540 805 3604 Κακὸν
826 3540 916 3607 οἰδὲν
937 3541 1041 3625 φύεται
1062 3548 1092 3605 ἐν
1107 3540 1350 3628 &adpetamus
1361 3540 1454 3623 θεμέ-
1508 3546 1597 3619 tiam,
1620 3540 1749 3609 scilicet
1765 3537 2012 3626 particularem,
2032 3554 2065 3610 te
2087 3554 2194 3623 tuam,
2216 3566 2271 3612 me
2293 3565 2404 3612 meam
2426 3554 2490 3612 etc·

474 3652 517 3714 νῳ
531 3629 592 3690 τῶν
613 3625 740 3712 ἀρετῶν,
756 3627 809 3707 τῆν
831 3627 1028 3715 σωφροσύνην
1048 3633 1101 3692 καὶ
1121 3627 1175 3713 priv
1195 3628 1388 3717 ἐγκράτειαν,
1421 3628 1455 3693 ld
1508 3632 1582 3698 Tibi
1604 3631 1794 3701 tuendaium
1816 3641 1881 3707 est,
1901 3642 1939 3696 ui
1957 3630 2117 3715 baptizeS,
2139 3632 2235 3711 mihi,
2268 3646 2305 3699 ut
2325 3632 2488 3720 baptizer.

476 3723 540 3791 est,
561 3711 679 3775 Macen
701 3713 814 3776 πεῖίωη
835 3718 978 3777 nascitur
998 3717 1033 3775 ia
1049 3716 1136 3794 ciro,
1163 3717 1217 3799 qai
1244 3719 1355 3797 pontit
1383 3717 1456 3794 fuu-
1508 3719 1731 3823 Posteaquam
1754 3716 1854 3803 igitur
1877 3714 2031 3782 Christus
2053 3718 2240 3868 baptizatus
2264 3732 2336 3800 εει,
2357 3718 2490 3787 additur

476 3799 624 3859 ‘lomenia
643 3802 797 3872 vinctam,
818 3803 1001 3865 modestiam
1022 3807 1055 3861 εἴ
1075 3805 1317 3883 imperantium.
1358 3801 1455 3864 Weun
1507 3807 1671 3891 apparitio
1689 3800 1805 3867 totius
1816 3801 1992 3881 trinitatis,
2025 3804 2134 3891 queis
2166 3826 2338 3892 nunquam
2366 3807 2487 3891 scripta

475 3888 525 3945 ein
547 3885 669 3945 meriscis
691 3886 744 3946 dic
765 3883 979 3952 fundamenta
999 3886 1072 3963 bot,
1100 3910 1137 3949 ru
1163 3886 1225 3949 laia
1246 3908 1322 3950 maa
1337 3888 1457 3971 aperta
1509 3911 1569 3957 est.
1616 3887 1742 3956 Paulus
1765 3886 1845 3951 dicit
1876 3905 1914 3952 se
1945 3899 2077 3975 raptum
2099 3911 2177 3959 esse
2202 3892 2236 3957 iu
2259 3893 2396 3959 tertium
2417 3912 2488 3958 coe·

476 3969 575 4033 draus
591 3970 728 4032 macheu.
774 3971 919 4045 Caesar:
940 3972 980 4033 In
1002 3972 1100 4036 milite
1121 3994 1181 4037 nou
1211 3975 1309 4036 solum
1337 3977 1455 4057 mupm‘·
1508 3975 1587 4057 lum,
1610 3977 1643 4042 id
1666 3983 1730 4052 ost,
1752 3975 1787 4037 lu
1810 3986 2028 4058 conspectum
2051 3974 2137 4057 Dei,
2172 3989 2206 4044 et
2228 3979 2405 4068 distinguit
2425 3979 2489 4045 Dei

475 4055 612 4117 ιεᾰιηεηι
634 4059 741 4147 musy,
762 4058 820 4119 sed
841 4061 935 4121 ettam
960 4058 1145 4121 modestiam
1172 4064 1308 4144 repara
1357 4061 1455 4124 Werm
1507 4065 1623 4131 sedem
1645 4083 1666 4127 a
1688 4060 1821 4125 duobus
1843 4059 1959 4127 coelis.
2006 4060 2149 4130 Primum
2171 4064 2302 4133 coelum
2338 4080 2393 4133 est
2419 4073 2484 4146 adr,

474 4145 526 4208 eta
547 4142 628 4203 inab
646 4143 784 4225 [τηειρ
806 4151 857 4217 at,
879 4146 922 4210 im
949 4145 1067 4225 ndens,
1090 4166 1197 4214 vanus
1219 4157 1253 4213 et
1272 4144 1387 4226 heluo,
1410 4149 1454 4211 da
1508 4150 1693 4219 secunduin
1715 4145 1847 4215 coelum
1869 4161 1922 4214 est
1945 4161 2013 4216 tota
2034 4148 2203 4237 machina,
2233 4155 2290 4222 nbi
2311 4168 2391 4223 snut
2411 4152 2486 4223 stei-

473 4229 556 4294 wtrd
572 4229 676 4292 atrita
696 4238 771 4312 puts
793 4252 860 4294 aas.
943 4232 1074 4298 odestia
1095 4243 1148 4299 est
1170 4234 1290 4314 virtus,
1313 4232 1455 4322 quaein
1506 4239 1573 4306 iae.
1598 4236 1765 4303 'Tertium
1787 4232 1918 4304 coelum
1939 4240 2088 4311 nominat
2108 4236 2199 4308 illam
2219 4244 2348 4323 sedem,
2370 4244 2428 4312 nbi
2450 4262 2487 4309 se

474 4326 586 4405 gestu,
610 4316 642 4380 in
660 4337 817 4385 sermone
833 4327 867 4383 et
888 4318 1044 4404 opinione
1065 4320 1107 4384 de
1128 4321 1227 4386 nobis
1249 4333 1454 4389 servatcon·
1507 4324 1603 4392 Deus
1627 4323 1788 4402 ostendit3
1809 4325 1871 4390 sed
1892 4324 1947 4392 hic
1966 4338 2017 4394 est
2037 4322 2200 4394 illustrior
2219 4331 2405 4417 apparitio,
2433 4328 2490 4396 ubi

474 4402 1149 4556 sectantis
1170 4406 1455 4562 *stuta
1508 4408 2273 4587 “usturadiutissimae
2293 4422 2407 4569 nm
2447 4503 2477 4568 a

474 4594 585 4658 gunni,
608 4584 641 4638 et
661 4594 730 4639 non
764 4588 817 4641 est
848 4578 883 4642 in
910 4577 968 4643 tali
993 4590 1113 4646 natura
1133 4581 1306 4664 modestia.
1351 4580 1454 4651 Hero·
1508 4596 1564 4654 cut
1586 4580 1819 4668 s'epateiecit3
1840 4579 1972 4666 philoso
1996 4583 2053 4651 hia
2076 4607 2144 4653 non
2166 4589 2217 4654 sic
2238 4550 2419 4677 loquitur:
2436 4600 2489 4657 est

473 4659 589 4726 dotus:
611 4659 727 4722 Mulier
749 4682 817 4724 aaa
838 4670 921 4725 veste
954 4664 1087 4747 deponat
1194 4686 1275 4750 rem;
1296 4669 1358 4734 sed
1386 4691 1454 4735 non
1530 4671 1749 4755 ualiscunque
1770 4670 1888 4734 notitia
1910 4671 1952 4736 de
1997 4692 2038 4737 eo
2060 4685 2204 4742 naturae
2225 4675 2405 4759 impressa,
2425 4674 2489 4742 sed

473 4743 583 4809 solam
605 4745 746 4827 mulier,
778 4768 895 4816 verum
917 4753 1017 4817 etiam
1039 4753 1104 4817 ado
1119 4770 1250 4819 εεεεηε.
1294 4753 1455 4843 Magnum
1506 4695 1660 4827 iivinitas
1693 4754 1792 4820 nobis
1825 4764 1865 4855 se
1898 4756 1949 4823 sic
1980 4756 2162 4843 patefecit,
2192 4763 2283 4849 quod
2312 4765 2358 4827 sit
2403 4772 2489 4845 ater,

473 4832 578 4896 decus
601 4841 636 4897 et
657 4845 886 4901 ornamentum
913 4857 1078 4904 summurn
1103 4839 1138 4902 in
1164 4837 1380 4907 adolescente
1402 4853 1454 4907 est
1505 4844 1596 4933 qnod
1625 4843 1669 4908 sit
1700 4838 1812 4920 filius,
1839 4854 1890 4921 et¹
1913 4834 2056 4931 Spiritus
2088 4859 2237 4915 sanctus.
2281 4844 2337 4915 De
2361 4785 2434 4915 filio
2456 4860 2491 4917 et

376 4962 381 4976 ·
472 4917 646 4984 milesii&-
1528 4942 1601 4998 atre
1622 4938 1700 4995 suot
1722 4947 1884 5012 expressa
1902 4930 2088 4998 testimonia
2109 4933 2143 4997 in
2168 4937 2275 5021 primo
2303 4936 2417 5022 capite
2435 4934 2488 5002 lo·

557 5003 636 5108 lion
657 5016 785 5073 tantum
807 5009 939 5075 suntin
962 5006 1098 5076 Christo
1131 5022 1165 5076 et
1187 5010 1334 5078 iohanne
1355 5012 1454 5105 istae
1549 5019 1637 5096 nnis,
1661 5017 1703 5080 de
1725 5012 1849 5099 Spiritu
1870 5030 1989 5083 sancto
2010 5018 2044 5083 in
2067 5022 2285 5107 sequentibus
2308 5022 2489 5109 capitibus.

472 5086 619 5172 pueflles
652 5092 815 5175 virtutes,
849 5112 882 5156 es
914 5095 989 5157 siud
1020 5116 1130 5179 prosse
1152 5096 1233 5160 holte
1254 5112 1398 5167 caussae
1419 5102 1453 5166 in
1578 5103 1691 5171 Pater
1723 5111 1776 5166 est
1810 5122 1978 5187 persona,
2012 5126 2099 5191 quae
2130 5108 2174 5173 ah
2208 5119 2347 5174 aeterno
2379 5110 2490 5196 gignit

434 5218 438 5226 ·
472 5183 624 5260 utroque,
646 5190 804 5262 quantum
828 5183 871 5247 ad
894 5178 1141 5251 confessionem
1163 5188 1291 5251 attinet.
1433 5170 1608 5279 ''lillinm
1629 5188 1673 5254 ad
1694 5172 1870 5291 irliaginem
1892 5208 2009 5271 snam,
2038 5203 2073 5257 et
2107 5213 2182 5259 cum
2211 5191 2281 5258 filio
2304 5208 2340 5260 et
2362 5192 2492 5281 Spiritu

558 5259 790 5328 Sacramentum
813 5278 864 5333 est
886 5270 1077 5336 ceremonia
1104 5270 1263 5338 divinitus
1289 5272 1452 5354 instituta,
1503 5284 1623 5342 sancto
1645 5274 1792 5341 condidrt
1825 5294 1942 5341 omnes
1976 5279 2120 5362 species.
2163 5278 2299 5346 Creatio
2330 5302 2404 5347 non
2438 5292 2491 5348 est

473 5363 559 5451 qnae
582 5356 634 5410 est
656 5349 788 5437 signum
808 5356 1053 5440 promissionis.
1107 5354 1249 5441 ancioa
1282 5358 1452 5451 circumci·
1502 5360 1608 5428 soiius
1631 5361 1747 5447 patris,
1759 5362 1929 5429 sedetiam
1952 5362 2010 5429 iiiii
2032 5375 2066 5430 et
2077 5364 2223 5451 Spiritus
2244 5369 2366 5434 sancti.
2390 5366 2489 5444 Quic-

471 5451 525 5496 ειο
547 5450 616 5496 non
638 5444 690 5498 est
711 5449 977 5511 sacramentum,
1012 5444 1091 5528 quia
1118 5440 1185 5510 iam
1212 5450 1266 5523 est
1286 5445 1451 5534 abrogata
1503 5448 1583 5536 quid
1604 5446 1700 5514 Deus
1723 5466 1743 5511 a
1768 5448 1793 5513 it
1814 5462 1911 5515 extra
1931 5471 1993 5530 sa,
2025 5463 2131 5538 agunt
2151 5472 2319 5539 personae
2339 5475 2488 5523 eommu-

472 5517 694 5599 circumcisio,
715 5534 767 5587 ast
795 5544 882 5608 opus
916 5524 1170 5598 idololatricum.
1215 5528 1373 5598 iohannis
1396 5555 1450 5601 ce·
1502 5535 1604 5617 niter;
1638 5534 1699 5600 sed
1732 5466 1823 5601 aiiud
1856 5547 1909 5602 est
1941 5534 2034 5624 loqui
2052 5539 2095 5606 de
2116 5539 2267 5609 internis.
2312 5538 2418 5610 Pater
2440 5541 2487 5629 gi·

2138 3478 2195 3525 ere
2232 3478 2367 3528 omnem
2396 3458 2491 3543 iusti·
