5934 6709
505 704 573 777 859
1155 704 1269 774 PHIL-
1290 704 1396 772 ital.
1419 701 1610 772 SCRIPTA
1630 702 1896 775 armonica
2457 707 2524 775 360

504 896 576 966 vult
609 918 649 965 se
682 901 821 986 agnosci
842 896 1021 963 Dominum
1052 896 1192 963 istorum
1225 918 1345 962 rerum.
1389 893 1486 960 Deus
1538 913 1618 960 naer
1639 892 1708 972 vel,
1731 896 1821 981 qnod
1842 896 1930 962 idem
1952 906 2096 983 estque
2116 895 2183 961 fide
2204 908 2333 962 smtnas
2352 912 2384 962 te
2406 899 2524 989 recipi,

506 987 564 1052 dat
584 987 642 1051 tibi
665 989 787 1050 bonam
808 983 1053 1053 valetudinemz
1076 983 1133 1048 dat
1154 985 1213 1048 tibi
1238 984 1359 1061 vitam,
1381 993 1416 1046 ut
1439 981 1488 1046 in·
1538 990 1572 1045 te
1593 981 1743 1047 exaudiri
1765 993 1901 1067 propter
1923 980 2041 1048 Filium
2059 981 2133 1048 Dei.
2507 992 2510 997 '

505 1073 576 1158 quit
598 1084 725 1138 textus:
747 1071 788 1134 In
807 1072 882 1155 ipro
902 1071 1047 1151 cicinno,
1068 1088 1227 1135 moretum
1248 1078 1281 1135 et
1298 1088 1416 1134 mmor.
1625 1065 1711 1133 Sunt
1731 1065 1837 1134 multa
1857 1069 1945 1134 dicta
1969 1071 2000 1132 in
2018 1066 2213 1153 scripturis,
2230 1089 2318 1155 quae
2338 1066 2525 1175 loquuntur

591 1156 747 1244 Cogitate
768 1154 877 1222 inisse
899 1154 1024 1221 foetum
1046 1157 1079 1220 in
1098 1168 1205 1231 utero,
1217 1156 1293 1240 quis
1316 1166 1396 1221 tunc
1418 1174 1487 1220 ser·
1539 1153 1705 1219 derebus
1727 1152 1977 1240 corporalibus:
2005 1155 2062 1221 ubi
2089 1166 2199 1221 tamen
2223 1154 2449 1242 principaliter
2471 1180 2524 1229 re·

501 1244 594 1311 vovit
615 1244 676 1309 tibi
698 1243 821 1310 vitam?
852 1253 910 1307 out
942 1240 1018 1327 quis
1051 1241 1141 1306 dedit
1172 1242 1232 1307 tibi
1253 1241 1379 1308 mmm?
1434 1242 1487 1306 sis
1538 1239 1746 1325 spiciendum
1768 1251 1821 1305 ast
1837 1241 1880 1305 ad
1898 1242 2154 1327 promissionem
2175 1243 2219 1307 da
2241 1243 2339 1308 bonis
2362 1247 2521 1329 aeternis,

503 1328 685 1397 custodivit
707 1329 879 1416 gravidam
900 1339 1040 1393 matrem
1072 1327 1159 1394 iuter
1190 1339 1284 1393 tanta
1310 1327 1403 1412 peric
1470 1326 1488 1392 i
1538 1336 1575 1390 ut
1590 1325 1716 1391 (lenes.
1741 1326 1794 1392 to.
1817 1326 1895 1393 dicit
1916 1325 2011 1392 Deus
2032 1329 2076 1394 ad
2098 1328 2284 1396 Abraham:
2306 1328 2451 1397 dicerit
2472 1352 2521 1401 ss·

504 1418 580 1502 quis
602 1413 683 1481 aluit
705 1429 739 1481 te
759 1417 795 1480 in
817 1411 894 1481 alvo
916 1413 1088 1479 materno?
1117 1413 1192 1500 quis
1213 1412 1370 1479 formavit
1390 1425 1487 1479 artus
1538 1430 1611 1478 men
1632 1419 1729 1477 ιιιιιιιι.
1774 1410 1821 1478 int
1850 1413 1984 1479 subiicit
2010 1410 2141 1480 Mosesr
2175 1412 2325 1497 Orodidt't
2351 1417 2523 1486 Amatn-

502 1513 591 1582 tuos,
612 1505 762 1567 membra
782 1513 839 1565 tun
868 1502 901 1565 iu
935 1497 1014 1565 alvo
1047 1497 1106 1564 illo
1138 1496 1281 1565 mirabili
1310 1511 1383 1564 arte
1417 1496 1487 1585 pla·
1536 1495 1622 1577 Deo,
1643 1505 1676 1563 et
1694 1498 1884 1582 imputntmn
1904 1508 1953 1564 att
1978 1507 2010 1565 et
2029 1502 2076 1565 ad
2096 1501 2264 1566 iustitium.
2307 1499 2452 1581 Contrsr
2473 1505 2521 1571 ds

502 1590 616 1655 stical
648 1586 767 1653 Omnia
798 1587 865 1651 ista
887 1599 966 1651 suut
987 1580 1150 1651 mirabilia
1173 1605 1276 1670 opera
1297 1583 1374 1651 Ilei.
1429 1584 1487 1650 Sic
1538 1585 1638 1649 cebet
1648 1581 1749 1649 Vltus
1759 1584 2015 1663 Amerbachius,
2039 1587 2163 1652 sedens
2185 1588 2220 1653 in
2242 1586 2309 1653 lioc
2329 1588 2405 1673 ipso
2426 1587 2522 1661 loeo:

500 1672 597 1740 Deus
620 1693 721 1757 saepe
744 1671 828 1738 alias
850 1669 953 1738 multa
963 1667 1218 1737 iecitinuatnra
1231 1684 1326 1736 extra
1344 1689 1486 1738 caussas
1518 1666 1622 1737 'lllnd
1644 1670 1766 1735 dictum
1789 1691 1856 1737 nou
1885 1668 2034 1758 loquitur
2062 1671 2193 1737 deiide
2218 1672 2435 1755 iustificante5
2458 1680 2522 1746 sed

501 1761 679 1825 secundos.
725 1759 837 1845 Saepe
858 1754 1020 1823 miraculo
1042 1776 1081 1822 se
1102 1769 1217 1823 servat
1237 1757 1409 1839 homines,
1429 1756 1486 1823 nbi
1537 1754 1668 1822 deiide
1691 1758 1860 1836 credente,
1840 1758 1962 1909 en«prod
1973 1755 2068 1824 Deus
2089 1755 2170 1823 velit
2191 1758 2274 1825 dare
2292 1762 2522 1844 posteritatem

500 1843 667 1911 Diabolus
689 1867 755 1914 uno
779 1856 946 1910 momento
968 1844 1135 1928 perderet.
1178 1840 1272 1909 Talia
1294 1856 1372 1909 sunt
1392 1845 1486 1910 innu-
1537 1839 1707 1908 Abrahae.
1762 1841 1811 1907 ita
1895 1844 2104 1911 umuiobatur
2131 1842 2288 1926 Paulum,
2321 1850 2417 1933 quasi
2449 1870 2520 1917 nou

499 1931 675 1998 merabiiia
695 1929 878 2010 miracula,
912 1949 1000 2016 quae
1030 1950 1095 1993 nos
1119 1930 1299 1996 nescimus.
1343 1928 1484 2003 Quoties
1537 1940 1631 1995 recte
1652 1925 1837 2017 allegasset
1859 1930 1981 1997 dictum
2010 1950 2053 1996 ex
2075 1928 2184 1997 Moso-
2227 1930 2343 1998 Sinin
2364 1931 2520 2021 Epistola

501 2019 684 2102 eripiuntur
704 2015 858 2083 homines
879 2036 921 2082 ex
943 2016 1064 2100 aquis,
1095 2016 1150 2101 qui
1183 2013 1276 2080 nulio
1305 2016 1405 2081 modo
1428 2036 1484 2102 po
1536 2012 1778 2094 adlleisrsoos,
1794 2026 1972 2082 narrantur
1992 2036 2089 2083 exem
2111 2013 2147 2082 la
2167 2015 2381 2101 proeliorum,
2398 2019 2520 2089 deGe·

499 2104 641 2170 tuissent
663 2102 819 2169 servari?
862 2101 1001 2175 Quoties
1024 2121 1066 2166 cr
1087 2103 1190 2188 ignei
1373 2110 1378 2119 '
1535 2101 1655 2178 deone,
1665 2098 1787 2181 Barac,
1796 2111 1831 2167 et
1845 2100 1934 2180 aliis,
1945 2103 2002 2188 qui
2013 2121 2075 2187 per
2085 2036 2184 2168 loen
2195 2103 2391 2171 devicerunt

585 2190 646 2295 ‘Ae
680 2190 814 2294 Gerspu
846 2199 938 2254 recte
955 2188 1066 2254 dixit:
1082 2275 1090 2294 ι
1109 2186 1219 2294 liudo
1250 2189 1364 2294 plures
1395 2197 1482 2268 nort,
1642 2184 1846 2271 llospnudeo
1873 2185 2123 2295 universeliterr
2150 2199 2204 2254 est
2229 2210 2298 2256 una
2326 2203 2360 2256 et
2399 2126 2550 2263 ml:

495 2275 1249 2447 futtuo,
1272 2270 1483 2427 tetis
1532 2270 2520 2449 terraemotum-tm

496 2468 561 2514 uos
584 2461 712 2528 servat,
733 2468 776 2513 ne
798 2447 982 2512 incidamus
1003 2448 1036 2511 in
1055 2447 1183 2512 atrocia
1300 2460 1374 2513 ιιιι
1401 2468 1482 2515 con·
1531 2444 1633 2511 Fides
1654 2444 1763 2511 ditlart
1782 2447 1968 2513 secundum
1988 2458 2128 2513 extensa
2149 2447 2294 2527 obiecta,
2314 2469 2384 2517 nou
2406 2452 2519 2519 diilart

496 2545 611 2601 servat
631 2546 774 2601 mentem
796 2544 899 2612 tuam,
919 2553 963 2597 ne
984 2530 1112 2598 habeas
1140 2530 1274 2599 furores
1296 2531 1480 2621 Mabapti·
1531 2531 1715 2598 meandum
1735 2529 1919 2618 principale
1940 2532 2120 2609 obiectumt
2142 2532 2319 2620 quiaidem
2335 2548 2390 2603 est
2405 2536 2518 2623 Deus,

495 2622 613 2699 sticos,
635 2631 692 2685 aut
712 2620 841 2685 incidas
861 2620 896 2684 in
918 2618 1089 2684 haereses.
1145 2617 1252 2691 Quam
1280 2616 1481 2685 multarunt
1529 2616 1616 2683 idem
1639 2614 1823 2697 Mediator,
1850 2630 1988 2704 proptor
2015 2638 2112 2705 quem
2140 2620 2326 2708 accipimus
2347 2626 2516 2691 remissio·

493 2704 644 2792 pericula
665 2707 698 2770 in
731 2706 854 2773 vestris
882 2704 1061 2771 conviviis!
1107 2703 1248 2777 Quidam
1281 2703 1479 2771 interficiun·
1529 2722 1606 2769 omn
1640 2717 1853 2791 peccatorum
1892 2715 1926 2770 et
1964 2706 2065 2771 vitam
2097 2718 2278 2772 naternmu.
2339 2706 2404 2778 iila
2437 2722 2516 2780 sunt

493 2801 559 2870 tur,
580 2802 616 2857 ut
637 2789 713 2859 aliis
736 2793 802 2856 sint
824 2787 988 2875 exemplo.
1033 2790 1166 2857 Recens
1188 2792 1223 2855 in
1244 2787 1303 2857 illa
1324 2793 1478 2858 coniura-
1528 2788 1723 2877 principalia
1751 2792 1894 2858 obiecta.
1937 2788 1980 2855 Et
2003 2791 2128 2873 primm
2150 2802 2248 2859 sotus
2275 2791 2354 2861 fidei
2381 2809 2438 2864 est
2456 2816 2515 2865 ao·

493 2879 584 2945 tione
600 2874 883 2956 latrunculorum,
907 2879 962 2963 qui
986 2877 1075 2959 capti
1096 2887 1197 2956 sunt,
1229 2874 1378 2963 impliciti
1400 2889 1478 2944 suut
1529 2875 1642 2960 cipme
1673 2876 1904 2944 remissionem
1931 2888 2166 2962 peccatorum,
2187 2890 2309 2965 postea
2341 2885 2515 2953 umam

492 2961 586 3030 multi
619 2962 771 3030 homiues
804 2965 965 3034 invenes,
998 2983 1058 3047 per
1074 2959 1265 3029 Diabolum.
1310 2961 1477 3032 Diabolus
1528 2963 1624 3046 quasi
1645 2973 1743 3028 actus
1765 2975 1835 3042 est,
1856 2976 2038 3048 expectare
2059 2965 2149 3029 boue
2171 2984 2213 3030 oo
2276 2962 2372 3033 ralia.
2416 2968 2514 3038 llsao

491 3049 622 3136 impluit
654 3069 714 3115 eos
726 3095 737 3129 ‚
772 3060 806 3115 et
837 3047 886 3114 illi
918 3059 997 3114 sunt
1023 3050 1174 3114 obsecuti
1196 3046 1355 3115 Diabolo.
1399 3050 1476 3117 Non
1527 3047 1662 3114 obiecta
1693 3059 1832 3116 exterus
1862 3061 1942 3116 sunt
1970 3050 2116 3116 diversa.
2177 3048 2213 3115 il
2259 3070 2298 3116 er
2327 3049 2386 3119 illa
2406 3054 2512 3142 Syro·

491 3148 570 3202 sunt
590 3136 665 3201 siue
687 3132 801 3222 culpa:
824 3146 932 3200 tumen
954 3136 985 3199 si
1006 3132 1150 3201 fuissent
1170 3136 1205 3201 in
1223 3133 1335 3222 aliquo
1358 3137 1477 3203 timore
1525 3131 1727 3220 phoenissa,
1754 3135 1851 3203 cuius
1871 3132 1973 3201 illium
1994 3136 2209 3203 excruciabat
2228 3134 2409 3219 Diabolus,
2431 3160 2508 3228 pre·

438 3300 440 3305 Ι
489 3218 568 3303 Ilei,
589 3222 807 3288 invocassent
838 3218 968 3299 Deum;
1001 3218 1098 3289 Deus
1131 3222 1370 3289 custodivisset
1402 3242 1476 3305 eos,
1526 3231 1622 3287 catur
1642 3240 1705 3307 pro
1722 3239 1787 3288 suo
1803 3218 1965 3307 periculo.
2009 3221 2068 3290 Sic
2088 3218 2208 3289 mulier
2225 3222 2434 3311 parturiens,
2455 3224 2510 3292 sio

488 3325 534 3374 ne
553 3309 749 3376 incidissent
765 3309 800 3374 in
821 3304 880 3374 illa
901 3305 1044 3376 scelera.
1088 3305 1185 3375 Deus
1212 3328 1282 3375 non
1310 3307 1384 3377 vult
1409 3327 1474 3376 uos
1524 3303 1621 3372 miles
1638 3319 1734 3374 stans
1754 3307 1790 3374 in
1811 3309 1900 3394 acie;
1931 3308 1983 3376 sic
2008 3327 2074 3374 nos
2097 3307 2133 3373 iu
2160 3320 2277 3376 nostro
2296 3304 2412 3377 oiiieio
2434 3331 2511 3400 pra·

487 3395 605 3462 visere
625 3395 659 3460 in
682 3395 875 3462 securitate.
1525 3411 1642 3460 camur
1657 3416 1720 3483 pro
1740 3396 1868 3463 nostris
1888 3392 2057 3481 periculis.
2100 3393 2195 3483 llaec
2215 3395 2351 3464 obiecta
2370 3408 2512 3466 externa

574 3480 732 3548 Secunda
753 3498 895 3560 cauam,
921 3500 986 3548 cur
1012 3480 1255 3569 promissiones
1284 3478 1474 3567 corporalb
1524 3476 1697 3562 differunt,
1724 3483 1786 3550 sed
1812 3501 1933 3549 resera
1953 3493 2009 3548 est
2028 3482 2145 3549 eadem
2177 3481 2281 3565 fides,
2312 3495 2347 3550 et
2376 3485 2510 3553 obiests

485 3567 556 3635 sint
574 3566 729 3647 traditae,
739 3579 805 3674 est,
820 3577 858 3635 ιιι
878 3585 1098 3673 erasmus
1118 3565 1219 3633 fidem
1239 3568 1398 3654 petitione
1419 3586 1474 3634 re·
1522 3566 1598 3653 prin
1739 3579 1819 3636 sunt
1839 3569 1967 3674 eedem.

484 3669 561 3806 {ll
580 3649 1472 3826 immitissimis&
1523 3738 1646 3805 nunu
1662 3651 1858 3828 &pillei
1873 3652 2509 3832 ri'ixffiinifflffl

485 3834 615 3906 ceatur,
637 3825 725 3893 sicut
744 3828 820 3910 ipse
839 3844 905 3892 nos
921 3826 1049 3895 docuit:
1070 3824 1190 3893 limone
1208 3846 1260 3894 ste
1278 3828 1315 3893 ιιι
1334 3828 1390 3894 die
1411 3829 1472 3894 tri·
1522 3821 1726 3913 intelligetis.
1761 3824 1993 3894 Esercoerunt
2012 3827 2103 3893 initio
2123 3824 2184 3893 illa
2202 3843 2404 3915 argumenta
2422 3826 2509 3899 mui-

483 3908 668 3978 bslntionie
710 3911 792 3979 ltem
817 3910 853 3976 iu
879 3913 1032 3979 oratione
1047 3911 1239 3981 Dominica:
1268 3913 1394 3981 Posses
1413 3932 1471 3980 so·
1521 3921 1579 3977 toa
1599 3923 1679 3978 suta
1699 3930 1807 3979 annos
1829 3911 1885 3991 80,
1907 3914 1968 3980 sed
1990 3931 2030 3979 re
2046 3915 2134 3979 bene
2155 3915 2314 4003 cogitare,
2324 3910 2436 3981 facilis
2453 3924 2508 3983 ast

483 4004 588 4063 stt-urs
616 3999 840 4085 φωιίιιίαιηιιι
865 3999 913 4065 do
935 3998 1029 4067 sodr‘s
1054 3998 1160 4067 lodie
1209 3998 1286 4066 Non
1309 4001 1470 4067 debenus
1521 3998 1711 4084 responsio.
1754 3999 1879 4066 Audivi
1900 4000 1952 4067 sic
1974 3995 2185 4066 cavillantem
2206 3999 2422 4088 degressum,
2469 4000 2506 4069 ui

483 4084 670 4168 depravare
691 4088 798 4152 verba
818 4082 955 4152 Christi.
991 4083 1079 4152 Sunt
1100 4087 1201 4152 etiem
1217 4081 1305 4152 aliae
1320 4087 1469 4153 innume-
1521 4083 1655 4151 dicebat
1696 4081 1774 4151 illas
1814 4105 1893 4153 esse
1926 4084 2136 4173 corruptelas
2168 4082 2276 4153 Pauli.
2318 4088 2415 4153 vitus

480 4168 607 4238 rebiles
636 4172 814 4259 petitiones
846 4172 882 4238 in
909 4168 1083 4257 Scriptura
1117 4171 1160 4238 de
1192 4167 1316 4239 ouxllio
1343 4191 1365 4237 a
1392 4170 1468 4240 Deo
1520 4172 1631 4250 rebat,
1653 4172 1996 4239 accommodationem
2022 4170 2139 4239 velere
2164 4192 2226 4256 per
2245 4169 2504 4241 similitudinem.

478 4254 692 4342 impetrando
712 4261 747 4325 in
768 4259 912 4326 mismiis
935 4278 978 4326 co
1041 4255 1180 4327 ralibus.
1214 4256 1309 4333 Quas
1325 4277 1402 4325 cnm
1418 4256 1466 4327 le·
1518 4254 1594 4345 Ego
1615 4257 1699 4323 dlxi:
1721 4277 1788 4324 nou
1811 4258 1933 4325 citatur
1953 4268 2123 4344 tamquam
2143 4256 2268 4338 simile,
2297 4259 2359 4326 sed
2382 4261 2426 4327 do
2445 4256 2507 4327 ilis

480 4342 604 4431 pimus,
627 4346 812 4432 cogitemus
842 4365 903 4412 eae
930 4345 1000 4411 nob
1055 4344 1219 4433 proponi,
1245 4355 1283 4410 ιιι
1310 4363 1466 4413 mercea-
1614 4341 1681 4410 ilde
1702 4342 1903 4412 iustificaute
1924 4341 2071 4432 loquitur
2092 4343 2190 4411 etiarn
2212 4342 2349 4425 liloses,
2371 4344 2416 4412 de
2436 4366 2507 4435 qus

479 4446 556 4496 mus
576 4427 676 4496 fidem
697 4432 730 4497 in
752 4432 910 4517 petitione
930 4433 1097 4498 bonorum
1114 4427 1349 4518 corporalium.
1546 4426 1645 4498 aulus
1666 4427 1824 4519 loquitur,
1836 4452 1903 4518 qua
1915 4428 2136 4499 iustifimntm
2156 4449 2275 4498 omnes
2294 4433 2405 4499 sancti
2424 4432 2507 4501 inde

567 4513 624 4582 lle
650 4519 748 4584 tertia
774 4536 899 4584 mussa
925 4528 1026 4584 autes
1047 4536 1180 4623 quoque
1200 4519 1329 4596 monuit
1349 4515 1463 4584 rideli-
1517 4535 1627 4603 usque
1657 4518 1701 4584 ab
1733 4519 1835 4584 initio.
1889 4516 2028 4583 Etiamsi
2059 4513 2118 4585 ilia
2146 4518 2221 4604 ipsa
2252 4516 2338 4584 fides
2366 4518 2507 4589 diversa

478 4612 535 4670 oet
554 4603 646 4689 qnod
669 4621 786 4670 omues
806 4601 894 4670 aliae
912 4603 1156 4690 promissiones
1172 4600 1367 4690 corporales
1386 4616 1466 4673 sunt
1517 4604 1650 4669 obiectu
1671 4615 1810 4670 externe
1826 4615 1993 4683 versatur,
2004 4614 2113 4669 umen
2134 4600 2317 4691 principale
2334 4605 2506 4675 obiectum

477 4687 820 4757 commoneiaetiones
842 4689 885 4756 da
905 4689 1128 4776 promissione
1211 4690 1294 4769 tiam
1315 4690 1395 4778 quis
1414 4693 1465 4759 ni·
1517 4699 1570 4757 est
1590 4686 1687 4756 Deus
1715 4691 1928 4777 promittens,
1956 4702 1991 4757 et
2013 4689 2196 4768 Mediator,
2228 4709 2290 4777 pro
2399 4710 2504 4778 quem

476 4772 525 4843 lril
546 4788 601 4843 est
619 4777 803 4856 invocatio,
824 4776 888 4842 uisi
905 4772 1120 4865 praelucente
1141 4711 1219 4857 ξιξ,
1236 4797 1324 4864 quse
1342 4778 1468 4933 roffi
1516 4775 1694 4860 rectptnm
1721 4789 1755 4843 at
1784 4777 1988 4844 exaudimur.
2032 4776 2095 4843 list
2115 4776 2249 4864 magica
2275 4701 2367 4843 m
2374 4821 2385 4856 ,
2408 4774 2504 4846 velle

474 4863 707 4932 missionem
727 4874 943 4952 peccatorum
963 4882 1025 4950 per
1044 4859 1171 4930 lilium
1226 4863 1321 4943 item,
1350 4882 1374 4928 n
1516 4874 1699 4948 expectare
1720 4885 1741 4929 o
1761 4860 1838 4930 Deo
1860 4865 1950 4930 bona
1978 4858 2183 4949 corporalis,
2212 4862 2287 4929 sine
2318 4862 2385 4929 fide
2409 4864 2503 4934 seet-

515 4948 718 5019 'missiones
735 4948 1007 5032 snutratae,nisi
1091 4945 1296 5018 Filiumllei
1318 4948 1462 5024 Qusndo
1513 4948 1627 5034 pionte
1648 4950 1877 5017 remissionem
2004 4961 2126 5031 torum,
2148 4949 2302 5016 seusina
2323 4948 2410 5033 tide,
2431 4970 2503 5039 que
2580 5010 2590 5017 .

473 4966 538 5103 sim
569 5058 578 5103 ι
607 5039 729 5104 Porsen
749 5045 896 5104 nostru
1146 5055 1290 5102 rnonne
1311 5035 1371 5101 tibi
1392 5049 1461 5104 ste·
1513 5045 1647 5122 oportet
1668 5047 1702 5104 te
1721 5031 1857 5123 placere
1878 4969 2004 5102 093.oe

472 5120 532 5189 tim
552 5123 700 5189 venitin
720 5123 889 5191 mentem?
931 5122 1000 5205 Ah,
1019 5134 1057 5192 ιιι
1078 5143 1117 5190 es
1138 5123 1295 5213 tndgnus
1317 5121 1385 5189 isto
1405 5125 1459 5190 be
1600 5120 1729 5197 erts
1750 5142 1892 5189 caussae
1920 5119 2003 5189 lllae
2028 5121 2269 5209 promissiones
2298 5118 2503 5208 corporales

472 5205 594 5277 neseio
615 5207 692 5275 Dei·
734 5206 809 5277 'lua
830 5209 1036 5278 couscientia
1065 5210 1266 5277 condemnat
1290 5219 1333 5276 te
1389 5208 1459 5278 Sed
1512 5218 1592 5275 sunt
1615 5210 1815 5290 testimonie,
1830 5210 1921 5295 quod
1932 5205 2028 5276 Deus
2049 5206 2130 5274 velit
2150 5226 2292 5276 servare
2303 5205 2501 5279 Ecclesia·

832 5403 949 5450 name
1122 5406 1133 5451 ι
1179 5438 1186 5451 .
1289 5403 1311 5449 o

470 5468 587 5537 titione
607 5488 721 5536 rerum
742 5488 783 5534 co
811 5403 1113 5552 qfflmapppm
1132 5466 1332 5557 praelucere
1360 5469 1456 5545 ties,
1509 5469 1559 5535 sis
1580 5403 1775 5537 traditeprrum
1802 5469 2060 5556 promissionum
2090 5478 2245 5555 repetere
2271 5466 2382 5536 voluit

470 5553 644 5640 accipiens
748 5554 758 5574 ‘
808 5577 906 5625 onem
937 5568 1175 5645 peccatorum,
1206 5556 1251 5623 im
1378 5577 1456 5626 uem
1509 5556 1576 5623 dixi
1593 5553 1756 5624 muauma
1776 5575 1856 5624 esse
1882 5554 2071 5622 testimonis
2097 5554 2331 5643 promissionis
2352 5575 2416 5644 pra
2462 5576 2499 5637 e,

470 5640 630 5725 iustitiae,
653 5641 1214 5733 donatiouemflpiritusssnmst
1345 5654 1455 5711 setes·
1507 5652 1542 5708 st
1571 5643 1830 5731 promissionmu
1861 5638 2096 5730 corporalium.
2140 5639 2297 5725 Gratiae,
2323 5652 2362 5710 ut
2393 5643 2496 5710 ws-
