5934 6709
544 674 587 738 47
1175 673 1289 739 Prin,
1310 671 1415 740 MEL.
1437 671 1625 742 SCRIPTA
1646 670 1907 738 metrica
2508 674 2552 741 ts

545 871 614 925 tota
634 860 866 931 absconditur,
899 872 935 924 ut
956 860 1108 925 videatur
1128 862 1224 946 qnasi
1246 882 1289 926 ex
1310 861 1408 927 coelo
1428 882 1523 946 pror·
1572 878 1651 924 esse
1673 878 1733 943 per
1754 860 1902 938 verbum,
1923 858 2064 940 scilicet,
2084 863 2242 941 auditum,
2271 863 2463 947 cogitatum,
2484 884 2553 931 non

545 964 604 1011 sus
626 943 758 1011 sublata
791 965 886 1009 esser
918 947 970 1010 sic
989 943 1145 1011 Ecclesia
1171 967 1239 1027 non
1266 966 1400 1031 semper
1421 945 1524 1013 babet
1572 956 1732 1032 spretura,
1752 965 1820 1010 non
1843 958 2075 1031 contemptum.
2192 1007 2196 1023 ,

544 1028 927 1108 lorisstatumsimilem,
950 1044 982 1097 et
1005 1044 1200 1098 tamencum
1219 1032 1378 1098 'videturo
1425 1051 1523 1097 ressa
1660 1029 1799 1104 Quoties
1827 1043 1938 1097 autem
1970 1033 2157 1099 nominatur
2194 1032 2428 1112 ministerium,
2473 1046 2554 1100 nota

545 1128 579 1182 et
600 1116 759 1192 extincta,
779 1128 921 1181 tum-est
942 1117 1093 1200 proxima
1114 1116 1198 1196 Soli,
1227 1119 1347 1194 idest,
1438 1119 1522 1182 'stoa
1571 1134 1650 1180 csse
1678 1115 1778 1180 debet
1808 1135 1936 1187 somma
1967 1117 2139 1183 doctrinae
2164 1115 2341 1196 coelestis,
2375 1120 2553 1186 discrimen

544 1199 690 1279 fovetur,
712 1198 910 1282 defenditur,
932 1216 1152 1269 conservatur
1172 1223 1193 1267 a
1213 1200 1298 1268 Filio
1314 1201 1391 1282 Dei,
1413 1203 1522 1268 donec
1572 1197 1657 1286 legis
1680 1211 1713 1265 et
1734 1198 1926 1286 Evangelii3
1958 1204 2035 1267 item
2056 1204 2235 1268 discrimen
2261 1204 2347 1268 inter
2368 1204 2553 1270 doctrinam

542 1307 663 1354 rursus
684 1300 844 1374 emergat.
1572 1284 1748 1352 Ecclesiae
1769 1288 1947 1370 propriam,
1970 1300 2005 1353 et
2025 1286 2219 1375 religionem
2244 1286 2383 1354 aliarum
2404 1291 2553 1377 gentium

629 1371 715 1438 Cum
742 1371 896 1438 Christus
928 1373 1079 1457 pendens
1109 1374 1144 1437 in
1181 1393 1282 1439 cruce
1302 1375 1456 1452 moritur,
1489 1384 1524 1439 et
1572 1382 1606 1437 et
1627 1383 1804 1436 sectarum.

413 1533 415 1536 ¹
542 1470 663 1545 postea
684 1459 717 1522 in
739 1455 919 1543 sepulchro
941 1459 1037 1534 iacet,
1061 1461 1283 1524 consternatis
1304 1469 1338 1523 ct
1360 1459 1521 1543 dispersis
1657 1457 1802 1521 Additur
1828 1468 1937 1522 autem
1969 1458 2004 1523 in
2035 1456 2226 1524 definitione
2250 1457 2438 1537 Ecclesiae,
2469 1460 2594 1543 quod*

543 1542 737 1628 Apostolis‚
767 1554 839 1608 erat
859 1543 1058 1610 abscondita
1078 1543 1245 1623 Ecclesia,
1278 1555 1311 1610 et
1343 1547 1523 1628 putabatur
1571 1544 1697 1608 amtctia
1735 1545 1876 1608 metiari
1903 1544 1972 1609 rint
2002 1547 2096 1610 matti
2125 1563 2190 1610 nort
2221 1565 2298 1612 cere
2328 1547 2447 1612 renati.
2503 1544 2555 1613 lta

539 1627 688 1697 ,exuncta
705 1648 794 1694 esse.
838 1627 906 1695 Sed
927 1627 986 1695 illa
1006 1631 1081 1712 ipsa
1100 1650 1205 1709 murs,
1225 1640 1260 1695 et
1280 1630 1375 1715 quies
1397 1628 1522 1696 Christi
1571 1626 1727 1694 Ecclesia
1754 1627 1953 1693 describitur
1984 1630 2018 1694 in
2050 1629 2219 1713 parabolis
2240 1628 2323 1696 illis:
2356 1629 2472 1697 Simile
2503 1639 2555 1698 ert

543 1712 652 1779 attulit
688 1711 829 1779 salutem
869 1726 902 1780 et
940 1712 1168 1781 liberationem
1200 1713 1393 1794 Ecclesiae,
1435 1735 1523 1802 qnae
1571 1731 1707 1795 reptem
1739 1719 1899 1805 coeloram
1925 1734 2068 1796 capenae
2099 1716 2221 1781 aniane
2240 1717 2276 1782 in
2302 1734 2404 1783 more.
2459 1716 2553 1796 item,

543 1800 672 1864 interim
694 1800 827 1864 vivebat
846 1800 881 1863 in
903 1800 990 1878 Deo,
1013 1813 1047 1865 et
1068 1802 1188 1885 prodiit
1208 1820 1337 1865 rursus.
1571 1800 1756 1865 Seminutttt'
1774 1810 1884 1864 semen
1904 1803 2017 1866 bonam
2037 1801 2073 1866 iu
2093 1820 2208 1882 apntm
2235 1821 2343 1880 attunt,
2364 1808 2419 1868 etti
2446 1811 2556 1869 mmm

628 1883 723 1948 llanc
753 1885 916 1968 picturam
949 1884 1123 1951 Ecclesiae
1156 1889 1278 1973 cogita,
1311 1887 1440 1970 quoties
1472 1887 1521 1950 in·
1571 1887 1792 1950 odtmaceutar
1812 1891 1947 1952 slsum
1990 1884 2084 1951 llaec
2100 1898 2153 1951 est
2173 1887 2356 1973 descriptio
2378 1884 2555 1954 Ecclesiae

543 1970 647 2035 tueris
679 1972 772 2034 vices
804 1968 919 2034 Lunae
947 1972 981 2034 in
1015 1968 1127 2044 coelo;
1159 1973 1247 2037 sicut
1273 1982 1345 2035 tota
1367 1982 1521 2037 creatura
1571 1968 1725 2046 visibilis,
1748 1967 1857 2053 qualis
1879 1971 1987 2035 estin
2003 1969 2069 2035 ltac
2091 1972 2169 2036 vita.

543 2056 677 2120 condita
699 2068 768 2133 est,
795 2075 918 2141 magna
946 2068 979 2121 et
1000 2055 1141 2120 mirabili
1173 2057 1352 2142 sapientia,
1385 2069 1418 2121 et
1438 2077 1520 2139 prae
1659 2053 1836 2128 Quaeritur
1856 2066 1982 2120 autema
2003 2056 2043 2123 St
2051 2059 2196 2123 Ecclesia
2211 2066 2264 2123 eat
2281 2059 2415 2124 dedita
2430 2067 2554 2137 metare,

542 2158 581 2205 se
601 2138 667 2205 fert
687 2140 849 2226 imagines
869 2141 1084 2209 maximarum
1102 2160 1222 2206 rerum.
1571 2144 1677 2222 quatit
1692 2149 1744 2205 ert
1762 2147 1832 2206 ctae
1849 2144 2063 2223 petenatis?
2094 2141 2304 2226 Respondeo.
2337 2142 2401 2208 liic
2421 2155 2556 2228 oportet

1573 2227 1765 2290 discernere
1803 2226 1928 2311 gradus
1967 2229 2263 2313 gubernationum
2301 2228 2324 2293 il
2357 2240 2427 2295 tres
2459 2241 2553 2294 sunt:
2604 2275 2605 2278 ,

1573 2311 1806 2391 oeconomica,
1838 2309 1984 2394 politica,
2017 2325 2051 2380 et
2083 2312 2323 2380 Ecclesiastico
2343 2315 2552 2400 gubernatio.

1573 2395 1665 2461 Haec
1687 2407 1765 2460 sunt
1786 2398 1849 2461 tria
1870 2416 1994 2482 genera
2016 2416 2163 2479 summa,
2196 2400 2353 2465 distincta
2374 2401 2408 2465 in
2430 2402 2553 2488 guber·

541 2468 683 2553 Recita
733 2468 1011 2553 definitionem
1063 2468 1264 2580 integram
1306 2469 1520 2554 Ecclesiae.
1572 2480 1707 2547 ardone
1728 2481 1826 2547 huius
1847 2486 1947 2548 atae.
2303 2469 2313 2503 ¹

626 2649 839 2734 Respondeo.
893 2648 1038 2717 Ecclert’o
1069 2657 1119 2716 eat
1150 2660 1259 2717 coenet
1278 2653 1423 2732 matidis,
1454 2672 1521 2719 otte

535 2738 744 2820 plecterttium
780 2737 988 2815 Emnpettun
1030 2744 1063 2801 et
1098 2743 1252 2802 wentam
1288 2740 1521 2817 Summam,

540 2821 966 2887 impraemunitum
985 2829 1071 2903 sant
1091 2822 1128 2887 tn
1148 2841 1208 2903 etto
1228 2830 1320 2889 coetu
1337 2825 1439 2889 Ftttae
1454 2824 1522 2890 Det
1573 2807 1651 2894 Oui
1681 2822 1820 2894 autem
1857 2812 2020 2896 similior
2050 2827 2112 2895 est
2140 2813 2382 2924 gnbematio
2412 2812 2551 2896 Eccle-

541 2917 592 2974 est
610 2909 733 2990 efficite
747 2925 813 2989 per
833 2912 1061 2988 mtrttaterittm,
1084 2915 1119 2972 et
1146 2911 1263 2973 mmor
1283 2919 1468 2991 repetierat,
1490 2920 1523 2976 et
1613 2945 1617 2950 ·
1684 2962 1692 2980 .
1760 2964 1768 2980 .
2078 2966 2086 2983 .
2343 2966 2383 2983 ..
2443 2972 2451 2993 .

539 3001 618 3058 ,um
635 2994 671 3056 t,
692 2994 801 3057 eodem
817 2999 907 3056 coeat
927 2991 1022 3059 „aaa
1039 3010 1105 3058 no„
1125 2994 1244 3078 mu,
1270 2996 1333 3059 sed
1351 3002 1458 3060 samm
1479 2998 1521 3060 de
1662 2978 1831 3068 srasnca,
1864 2961 2139 3050 Oeconomrae
2169 2967 2237 3050 vel
2266 2964 2462 3052 Pohnaei

540 3080 689 3145 doctrina
709 3083 954 3143 consentienter.

524 3162 527 3169 '
626 3161 663 3226 ln
684 3159 749 3226 bac
769 3160 958 3227 defiuitione
990 3161 1089 3247 signa
1109 3159 1315 3249 principalia,
1349 3182 1435 3248 quae
1456 3148 1549 3257 ΕΜ
1659 3159 1871 3247 Respondeo.
1924 3162 1988 3228 Est
2023 3161 2160 3229 similior
2197 3164 2434 3242 oeconomiae,
2475 3165 2553 3248 qnia

540 3244 677 3313 clesiam
708 3257 912 3326 monstrant,
941 3248 1140 3314 recitantur:
1172 3244 1334 3315 Doctrina
1354 3250 1523 3335 annpelii
1544 3265 1548 3291 '-
1572 3246 1728 3313 Christus
1750 3249 1965 3315 ministerium
1993 3247 2141 3334 appellat
2174 3247 2308 3328 claves,
2338 3270 2415 3316 cum
2446 3250 2553 3332 inquit

539 3339 738 3417 brcorraptm
760 3340 794 3399 et
813 3334 974 3413 lapitham
993 3352 1074 3398 attur
1093 3332 1389 3400 Sacramentontm.
1543 3311 1548 3409 Ι
1571 3334 1615 3399 ad
1632 3331 1784 3398 Petrumt
1805 3336 1875 3400 ilbi
1892 3338 1975 3401 dado
1995 3341 2101 3402 stom
2121 3337 2217 3418 reptti
2235 3341 2401 3405 coctorum
2438 3336 2552 3402 craece

625 3416 757 3483 Deinde
789 3416 924 3482 dicitur:
956 3421 996 3483 Iit
1026 3420 1086 3484 boc
1118 3427 1208 3486 coetu
1239 3418 1344 3485 Ft'titta
1376 3421 1441 3487 Dei
1471 3428 1532 3486 ert⁴
1570 3419 1762 3569 fferam
1788 3423 2028 3487 oeconomiam.
2082 3422 2168 3487 Nam
2200 3423 2335 3502 domus,
2364 3417 2552 3499 conclavia,

539 3507 659 3590 efficax
684 3522 751 3585 per
782 3501 1009 3568 mintbtert'ttm.
1063 3500 1115 3568 Ea
1145 3501 1307 3589 particula
1329 3504 1371 3569 de
1389 3506 1520 3571 duabus
1638 3523 1678 3569 aa
1699 3507 1890 3590 aperiantur
1912 3505 2075 3572 clavibus.
2120 3506 2262 3582 Conna,
2294 3509 2428 3572 Gladius
2449 3506 2552 3592 sigui·

538 3590 642 3656 rebus
663 3606 728 3653 nos
749 3599 877 3660 monet;
908 3588 1061 3672 primurn,
1092 3590 1183 3673 qnod
1210 3591 1399 3675 ubicunqne
1420 3603 1521 3657 sonat
1570 3590 1649 3655 ficat
1670 3590 1996 3668 administrationem,
2019 3611 2105 3676 quae
2122 3601 2239 3655 sontes
2255 3587 2450 3672 capitalibus
2469 3611 2552 3675 sup·

539 3694 607 3741 vox
624 3669 810 3759 Evangelii,
839 3672 885 3736 lbi
916 3691 1051 3756 semper
1071 3684 1149 3738 sunt
1170 3672 1273 3759 aliqui
1295 3672 1410 3742 electi:
1432 3696 1520 3761 qnae
1592 3674 1678 3741 liciis
1710 3672 1824 3740 allicit.
1859 3677 2045 3740 -Parentes
2077 3677 2111 3738 iu
2145 3674 2350 3741 oeconomiis
2383 3674 2553 3759 castigant

540 3772 593 3827 est
613 3759 792 3825 admodum
813 3755 922 3824 dulcis
944 3756 1144 3838 consolatio,
1178 3757 1332 3825 videlicet
1352 3762 1452 3840 scire,
1485 3764 1520 3828 in
1542 3784 1548 3893 p
1568 3695 1694 3825 lberos
1715 3760 1823 3845 virga,
1844 3781 1911 3826 non
1933 3757 2056 3844 gladio.

529 3847 630 3911 omni
652 3854 752 3909 coetu
772 3853 968 3910 vocatorum
986 3862 1065 3910 esse
1085 3843 1219 3930 aliquos
1234 3842 1309 3911 Deo
1331 3845 1519 3932 placentes,
1657 3843 1714 3908 Sic
1751 3856 1823 3909 tota
1861 3845 2058 3931 gubernatio
2086 3846 2120 3909 in
2154 3841 2310 3909 Ecclesia
2347 3854 2400 3908 est
2433 3841 2552 3910 similis

539 3944 757 4016 utnusquam
777 3925 905 3995 electas
925 3931 1136 4014 quaerendos
1156 3930 1251 4010 esse,
1283 3933 1348 3999 nisi
1368 3934 1403 3997 in
1420 3932 1520 3999 coetu
1570 3930 1801 3996 oeconomiae:
1834 3932 1868 3995 id
1890 3941 1962 4007 est,
1996 3931 2226 4016 gubernationi
2248 3939 2407 4012 paternae
2429 3940 2462 3993 et
2484 3948 2552 3993 nta-

539 4029 747 4084 vocatorum,
790 4012 911 4098 Aqua
932 4016 1097 4081 metentis
1116 4036 1183 4083 non
1205 4020 1353 4084 sinamus
1374 4037 1439 4084 noa
1461 4021 1519 4084 ab·
1568 4028 1694 4081 ternae.
1749 4013 1839 4081 Psal.
1861 4016 1915 4082 68.
1947 4017 2021 4100 ipsa
2042 4013 2196 4081 Ecclesia
2223 4017 2411 4079 nominatur
2431 4025 2550 4080 moter-

540 4103 616 4169 duci
637 4099 778 4167 aliorum
799 4100 853 4164 ine
877 4099 919 4164 tis
940 4099 1235 4185 speculationibus.
1541 4152 1546 4179 ,
1565 4103 1730 4185 fumidae:
1760 4121 1835 4169 cnm
1858 4103 1992 4167 dicitur:
2025 4105 2133 4168 Decus
2153 4104 2267 4167 domur
2295 4103 2415 4165 diuidet
2434 4105 2554 4182 spelm,

624 4185 757 4253 Deinde
862 4205 916 4249 em
958 4183 1111 4252 clausula
1152 4198 1265 4254 monet
1302 4189 1518 4254 ministeriam
1571 4186 1800 4255 Oeconomlae
1825 4185 1942 4254 similis
1974 4198 2027 4253 est
2058 4188 2157 4252 etiam
2178 4183 2308 4251 schola.
2363 4185 2436 4250 Nec
2463 4183 2551 4250 male

538 4269 713 4360 Evangelii
749 4270 802 4335 sic
832 4270 1016 4337 institutum
1048 4270 1517 4360 esse,nt'perboc1·”dius
1569 4273 1701 4351 dicitur,
1721 4270 1909 4340 Ecclesiam
1931 4292 2008 4339 esse
2025 4271 2166 4338 similem
2187 4268 2337 4338 scholae.

538 4357 605 4425 Dei
626 4357 709 4425 velit
729 4374 807 4423 esse
828 4353 961 4436 efficax,
994 4368 1028 4423 et
1041 4359 1115 4424 boc
1135 4360 1247 4438 ruodo,
1280 4358 1410 4426 scillcet
1431 4381 1518 4426 voce
1655 4357 1770 4445 Aliqui
1801 4369 1996 4444 comparant
2021 4356 2210 4425 Ecclesiam
2241 4354 2388 4441 politiae,
2420 4353 2552 4420 scilicet

539 4440 730 4530 Evangelii,
762 4453 797 4507 et
827 4461 897 4507 non
924 4441 1022 4508 aliter
1054 4442 1216 4532 colligere
1248 4446 1313 4511 sibi
1344 4456 1518 4512 aeternam
1571 4445 1817 4512 considerando
1851 4449 2003 4511 diversas
2036 4446 2167 4529 species
2209 4440 2333 4519 olitiae,
2366 4453 2552 4527 quaesunt

538 4527 736 4597 Ecclesiam.
790 4524 908 4613 Neque
940 4539 1049 4595 tamen
1076 4532 1207 4618 magice
1231 4528 1444 4617 intelligenda
1466 4543 1519 4596 est
1569 4528 1797 4608 Democratia,
1829 4531 2061 4608 Aristocratia,
2094 4542 2128 4593 et
2159 4465 2370 4595 bibaurclriat
2404 4526 2441 4589 Si
2473 4527 2550 4611 quis

507 4615 624 4683 ›baec
646 4610 815 4693 efficacia,
849 4615 892 4679 de
912 4611 1068 4679 violentis
1089 4614 1259 4701 raptibus,
1294 4618 1392 4703 qnasi
1419 4617 1519 4681 nobis
1571 4634 1654 4700 ergo
1674 4613 1749 4681 vult
1769 4617 1915 4681 retinere
1934 4614 2028 4679 banc
2042 4610 2272 4690 collationem,
2307 4632 2382 4678 eam
2418 4622 2552 4697 oportet

539 4710 679 4790 prorsus
700 4700 830 4779 otiosis,
850 4718 919 4765 uon
938 4701 1168 4782 audientibus,
1198 4722 1267 4768 non
1296 4703 1520 4788 cogitantibus
1570 4700 1738 4786 cogitare,
1781 4698 1969 4766 Ecclesiam
2010 4695 2174 4764 visibilem
2216 4699 2402 4784 comparari
2447 4714 2552 4781 posse

538 4792 691 4867 verbnm,
710 4797 768 4852 aut
789 4787 887 4851 etiam
907 4787 1171 4874 repugnantibus
1191 4799 1226 4853 et
1240 4788 1354 4852 invitis
1361 4832 1373 4869 ,
1406 4787 1465 4854 fiat
1483 4788 1519 4853 in
1563 4786 1821 4852 -Artstoerattae
1891 4785 1955 4851 Sed
2000 4785 2028 4849 si
2069 4780 2222 4850 volumus
2266 4782 2552 4868 comprehendere

537 4874 637 4943 nobis
657 4873 847 4940 movereto.
1569 4882 1674 5024 plappt
1705 4869 1889 4948 Christum,
1920 4882 2001 4936 tunc
2029 4890 2109 4938 vera
2139 4882 2193 4936 est
2224 4888 2384 4958 regnum,
2413 4869 2450 4933 iu
2483 4888 2550 4953 quo

625 4956 751 5025 Paulus
771 4959 891 5045 inquit:
912 4959 1013 5025 Ftiiet
1032 4979 1079 5026 etc
1097 4960 1230 5027 matta.-
1257 4960 1394 5026 aatditttr
1410 4966 1520 5025 atem
1654 4978 1688 5023 m
1708 4956 1774 5023 Dei
1794 4969 1848 5022 est
1867 4978 1940 5023 res.
2091 4960 2095 4965 ’

536 5066 599 5134 per
613 5048 747 5114 cattam
767 5047 839 5111 Det'·
876 5044 1047 5112 Debemus
1069 5063 1152 5132 ergo
1174 5042 1262 5110 velle
1282 5040 1409 5129 andire,
1430 5042 1520 5110 velle
1655 5043 1718 5108 Est
1732 5056 1846 5109 antem
1860 5041 1927 5108 boc
1944 5041 2046 5129 longe
2055 5040 2153 5108 aliter
2167 5038 2430 5127 intelligendum,
2450 5059 2551 5125 quarn

539 5135 694 5219 accipere
725 5139 758 5196 et
777 5128 934 5213 amplecti
960 5129 1124 5197 beneficia
1143 5132 1248 5197 verbo
1271 5128 1415 5209 oblata,··
1429 5130 1521 5196 sicut
1569 5130 1659 5196 siem
1679 5127 1843 5194 Pontificii
1864 5127 2032 5213 disputant
2053 5129 2096 5193 de
2115 5125 2278 5194 Ecclesia.
2322 5127 2408 5191 Nam
2430 5144 2551 5190 secun·

539 5220 686 5308 pingitur
715 5216 751 5280 in
777 5215 941 5299 parabola
972 5217 1016 5282 de
1046 5210 1115 5282 tilio
1146 5217 1303 5303 prodigo,
1337 5217 1391 5281 cul
1467 5227 1521 5281 ter
1570 5216 1648 5282 dum
1680 5215 1865 5280 doctrinam
1897 5214 2123 5294 Pontificiam,
2161 5210 2318 5278 Ecclesia
2357 5207 2552 5293 simpliciter

538 5306 652 5394 prodit
685 5301 836 5380 obviam,
867 5311 902 5367 et
921 5302 1019 5367 irruit-
1035 5303 1071 5366 in
1091 5300 1278 5389 amplexum
1299 5299 1369 5367 lilii.
1438 5300 1520 5368 itnul
1571 5302 1781 5370 constituitur
1802 5313 1960 5389 tanquam
1993 5321 2149 5387 regnum,
2183 5311 2217 5363 et
2248 5300 2299 5363 sic
2330 5298 2482 5383 quidem,
2514 5306 2552 5362 ut
2598 5337 2602 5346 -

541 5404 652 5460 autern
674 5396 708 5453 et
729 5384 819 5453 filius
840 5388 973 5455 accedit
988 5387 1032 5453 ad
1046 5399 1185 5472 paueat,
1209 5399 1242 5454 et
1256 5406 1333 5454 mm
1349 5383 1519 5472 amplecti·
1568 5406 1659 5474 papa
1690 5389 1735 5454 sit
1767 5386 1851 5467 Rex,
1884 5398 1918 5452 et
1948 5384 2107 5472 Episcopi
2143 5385 2211 5449 sint
2251 5384 2324 5448 eins
2357 5382 2549 5466 Principes:

542 5490 609 5557 tur,
642 5475 705 5542 etsi
736 5473 803 5539 boc
828 5469 909 5540 iacit
940 5473 1084 5541 timidius
1111 5486 1249 5560 propter
1281 5472 1519 5541 conscientiam
1570 5475 1695 5540 caeteri
1726 5492 1829 5560 reges
1860 5471 1988 5558 politici
2020 5472 2087 5536 siut
2108 5491 2222 5536 eorum
2244 5466 2427 5547 satellites,
2460 5478 2493 5533 et
2515 5476 2551 5534 nt

542 5561 738 5632 delictorum
769 5576 922 5628 snorumt
954 5559 1003 5625 lta
1035 5558 1181 5627 sciamus
1210 5558 1321 5626 Deam
1348 5555 1520 5627 aillcaoem
1570 5561 1636 5626 sint
1658 5557 1805 5653 copulati
1825 5577 1893 5624 non
1915 5558 2067 5623 doctrina
2082 5552 2268 5645 Evangelii,
2290 5557 2352 5622 sed
2368 5555 2440 5621 suis
2466 5551 2536 5640 legi
