5934 6709
511 656 577 722 215
1162 650 1274 718 viril..
1299 650 1399 716 rtet.
1424 649 1609 717 SCRIPTA
1635 646 1898 715 EXEGETlGA.
2229 656 2238 665 '
2465 650 2533 716 tlt
2558 707 2563 715 .

599 843 678 909 ldeo
692 842 907 909 confirmandi
923 841 1173 928 santanimi,lnt
1189 852 1283 908 certo
1299 851 1497 919 statuamus,
1547 846 1620 923 qula
1641 840 1827 904 sustinebit:
1849 838 1946 924 quasi
1969 838 2075 917 (lices,
2097 838 2128 903 si
2145 834 2251 905 velles
2268 840 2387 924 exequi
2402 858 2533 924 poenas

513 933 604 1019 qnod
629 930 703 995 Deo
726 930 891 993 curae-sit
913 931 1009 993 etiam
1032 926 1117 992 haec
1139 927 1206 992 rita
1229 925 1432 1012 corporalis,
1463 939 1497 990 et
1548 947 1676 990 summo
1699 927 1770 990 iure
1792 946 1854 1009 pro
1878 923 2101 1009 magnitudine
2118 938 2308 990 nostrorum
2325 922 2534 1008 delictorum,

513 1020 604 1106 qaod
624 1014 702 1082 velit
724 1016 821 1079 nobis
845 1036 978 1100 quoqne
1001 1016 1081 1079 dare
1105 1017 1195 1079 bona
1220 1012 1278 1077 illa
1306 1015 1496 1096 petentibus
1549 1032 1665 1078 omnes
1693 1012 1877 1095 periremus
1908 1007 2065 1077 funditus.
2111 1010 2204 1075 llaec
2225 1013 2387 1099 mitigatio
2410 1033 2533 1097 poena·

513 1119 547 1170 et
565 1103 632 1168 fide
654 1103 935 1186 exspectantibus.
968 1098 1148 1167 Discamus
1171 1101 1268 1165 etiarn
1282 1096 1417 1165 solvere
1432 1099 1495 1163 has
1547 1120 1620 1162 ram
1643 1098 1741 1161 etiam
1763 1108 1816 1161 est
1838 1098 2005 1180 promissa
2027 1101 2058 1162 in
2071 1094 2270 1183 Evangelio,
2292 1112 2325 1163 et
2348 1101 2535 1167 certissime

514 1192 736 1257 abiectiones·
1455 1242 1457 1247 .
1548 1185 1646 1249 datur
1673 1185 1771 1247 etiam
1799 1181 1939 1270 singulis
1970 1186 2125 1249 membris
2152 1181 2327 1251 Ecclesiae
2354 1187 2533 1272 agentibus

1547 1271 1782 1355 poenitentiam
1806 1283 1839 1334 et
1859 1273 2048 1356 petentibus
2071 1271 2316 1358 mitigationem.

555 1360 663 1427 Nemo
684 1360 852 1441 ratr'afarr't
869 1363 947 1439 tept:
1418 1370 1420 1375 '
1550 1435 1554 1441 ⁴
2036 1384 2062 1431 ι

542 1451 643 1529 Erpa
662 1448 899 1529 pnornr‘rsr'oner
916 1446 1304 1529 domanam-paraliam,
1321 1463 1405 1527 pane
1421 1453 1500 1508 sant
1634 1440 1705 1506 Hac
1728 1453 1806 1507 sant
1826 1444 2025 1527 praecipuae
2049 1444 2230 1521 doctrinae,
2252 1444 2295 1509 ad
2318 1463 2404 1529 qaas
2425 1441 2533 1529 appli-

599 1538 728 1615 reparer,
751 1540 828 1596 runt
847 1535 987 1598 inntr'ler.
1549 1529 1657 1593 canda
1679 1541 1730 1592 est
1752 1527 1837 1592 baec
1859 1527 2014 1601 historia,
2047 1527 2176 1596 scilicet
2204 1531 2247 1594 de
2269 1550 2334 1595 asa
2357 1528 2533 1596 miraculo·

1548 1636 1632 1693 rum,
1655 1617 1748 1679 etde
1770 1614 1959 1679 discrimine
1981 1618 2255 1701 promissionum
2276 1617 2423 1700 inprimis
2439 1638 2534 1697 vero,

598 1703 802 1788 Respondeo
823 1702 867 1766 ad
890 1703 1104 1767 antecedens.
1149 1699 1273 1766 Veram
1296 1712 1365 1780 est,
1399 1703 1427 1764 si
1450 1698 1496 1764 ie-
1549 1700 1717 1785 qaomodo
1741 1702 1980 1784 promissiones
2004 1704 2166 1767 bonoram
2193 1702 2415 1786 corporalium
2437 1700 2533 1770 iutel-

536 1789 632 1856 aliter
654 1787 835 1875 intelligas,
857 1790 917 1853 sed
936 1790 1070 1872 quando
1087 1805 1204 1852 sarnus
1216 1788 1343 1873 recepti
1359 1797 1496 1871 propter
1547 1784 1702 1873 ligendae
1724 1788 1801 1851 sint.

499 1815 629 1945 ¹'Piliam
652 1875 887 1953 lllediatorem,
915 1886 985 1939 tum
1003 1877 1100 1938 etiam
1122 1873 1277 1939 inchoata
1300 1894 1403 1958 opera
1426 1871 1496 1957 pla·

513 1974 590 2030 cent
611 1962 689 2040 fide,
711 1974 848 2045 propter
873 1962 1015 2025 eundem
1038 1959 1266 2039 Alediatorem,
1294 1960 1431 2046 perinde
1454 1980 1496 2024 ac
1635 1956 1759 2023 Postea
1785 1960 1819 2022 in
1848 1958 2014 2045 hacipaa
2043 1958 2182 2025 historia
2210 1959 2333 2026 multae
2354 1971 2433 2026 sunt
2449 1962 2532 2027 ima-

511 2051 542 2117 si
569 2048 638 2135 legi
666 2044 960 2113 satisfecissemus.
1005 2046 1137 2113 Habent
1160 2048 1260 2133 igitar
1282 2049 1372 2111 bona
1393 2066 1496 2131 opera
1548 2046 1656 2132 gines.
1701 2041 1857 2151 Apostoli
1880 2047 2081 2112 distribuant
2101 2067 2207 2132 panes
2229 2044 2354 2132 populo
2371 2060 2532 2133 acceptos

513 2137 660 2223 praemia
682 2155 744 2198 saa
766 2135 864 2199 etiam
888 2134 920 2197 in
942 2131 1008 2197 hac
1028 2134 1108 2199 vita.
1518 2100 1525 2243 l
1548 2152 1590 2197 ea
1611 2152 1711 2196 manu
1723 2129 1858 2196 bhristi.
1898 2131 1991 2197 Haec
2013 2144 2066 2198 cst
2086 2132 2205 2217 pulcra
2226 2130 2390 2218 allegoria
2411 2137 2555 2220 guber·'

600 2220 742 2297 Deinde,
764 2221 794 2283 si
816 2216 986 2305 politicam
1009 2216 1095 2306 legis
1118 2237 1213 2284 usam
1231 2219 1403 2303 inspicias,
1426 2238 1496 2282 ser·
1548 2221 1693 2284 nationis
1715 2215 1902 2283 Ecclesiae.
1947 2218 2103 2285 Christus
2122 2221 2179 2284 dat
2200 2220 2354 2299 verbam,
2375 2217 2533 2304 Apostoli

513 2319 571 2374 vat
592 2306 687 2372 Deus
709 2304 798 2371 hanc
821 2304 971 2391 regulam
992 2306 1025 2369 in
1049 2305 1212 2369 communi
1234 2305 1318 2385 rita,
1342 2316 1377 2370 ut
1400 2316 1496 2371 ornet
1549 2306 1582 2369 in
1617 2305 1798 2369 ministerio
1832 2317 2083 2389 pr·oponunt,et
2116 2327 2156 2370 ex
2181 2303 2281 2370 licant
2315 2306 2530 2373 auditoribus.

511 2395 669 2479 praemiis
688 2393 784 2457 ctiam
807 2393 963 2456 virtutem
986 2389 1165 2476 politicam,
1189 2393 1496 2476 etecoutrariopu·
1548 2388 1678 2455 Deinde
1700 2411 1805 2475 panes
1828 2402 2011 2477 augentur,
2045 2404 2078 2456 et
2107 2414 2138 2456 m
2175 2390 2365 2478 tiplipantar
2391 2390 2531 2459 mirabili

511 2482 558 2545 nit
580 2481 706 2544 atrocia
729 2476 850 2542 delicta
871 2477 1042 2541 atrocibus
1072 2479 1206 2562 poenis:
1241 2491 1289 2554 ut,
1321 2477 1411 2541 Nero
1441 2475 1497 2542 vel
1549 2489 1583 2541 et
1599 2473 1738 2542 occulto
1762 2478 1879 2553 nrod03
1901 2478 1951 2540 sic
1973 2479 2124 2543 doctriua
2154 2479 2274 2543 crescit
2295 2498 2361 2545 usa
2381 2490 2416 2544 et
2437 2500 2531 2547 exer

512 2566 643 2632 tandem
667 2566 796 2649 punitur
820 2560 1029 2628 horribiliter.
1075 2562 1219 2640 Contra,
1254 2562 1366 2648 Scipio
1398 2566 1496 2627 bene·
1549 2564 1713 2629 citatione.
1767 2562 1819 2627 Fit
1848 2564 1880 2627 in
1904 2563 2102 2629 docentibus
2120 2562 2176 2628 lux
2200 2565 2322 2644 maior,
2354 2578 2389 2630 et
2410 2572 2531 2633 crescit

512 2650 610 2730 licus,
633 2653 752 2728 iustus,
776 2663 901 2727 castus,
935 2651 1020 2733 gerit
1042 2670 1097 2714 res
1121 2648 1394 2735 gloriosissimas.
1439 2650 1516 2711 Sic·
1548 2651 1581 2713 in
1605 2650 1809 2713 discentibus.
1832 2645 2020 2715 intellectus
2042 2652 2145 2715 verbi.

513 2749 627 2804 servat
649 2735 743 2802 Dens
778 2738 876 2799 etiarn
908 2732 1043 2819 politice
1077 2735 1165 2798 banc
1191 2733 1358 2823 regulam:
1399 2735 1499 2801 beart
1911 2754 1916 2759 ·

512 2831 615 2904 mices,
637 2828 786 2905 qaotrianr
804 2831 929 2887 terrant
948 2823 1164 2903 possidebant.
1254 2900 1256 2905 Δ
1635 2819 1716 2886 Plus
1741 2824 1838 2885 etiam
1860 2819 2071 2906 relinquitur,
2105 2844 2203 2908 quarn
2232 2834 2389 2906 quantum
2409 2843 2532 2908 panum

498 2976 502 2985 ,
597 2907 705 2974 lliulto
723 2909 829 2992 magis
852 2919 1046 2972 sanctorum
1068 2906 1256 2973 obedientia
1276 2908 1309 2971 in
1331 2905 1498 2986 Ecclesia,
1547 2909 1641 2993 prius
1674 2909 1837 2972 adfuerat.
1894 2906 1967 2972 Hoc
1995 2909 2137 2991 pertinet
2165 2910 2209 2975 ad
2230 2908 2321 2975 banc
2336 2909 2544 2995 promissio»

512 2998 569 3081 qai
599 3007 678 3060 suut
711 2991 932 3070 reconciliati,
966 2991 1078 3077 placet
1110 2991 1202 3072 Deo,
1235 3005 1267 3059 et
1299 2990 1402 3058 habet
1434 3013 1498 3058 sna
1548 3014 1642 3059 nem:
1665 2998 1758 3073 Date,
1777 3004 1811 3059 et
1825 2996 1955 3060 dudda:
1976 2998 2073 3061 nobb.

511 3083 680 3167 praemia,
712 3092 749 3144 ut
770 3077 994 3165 Eleemosyna
1026 3079 1146 3144 viduae
1167 3080 1373 3163 sareptanae
1406 3099 1497 3144 com·

511 3178 674 3254 pensatur
695 3166 884 3253 ingentibus
913 3164 1094 3230 beneficiis.
1150 3164 1244 3232 Deus
1298 3167 1384 3231 ascit
1412 3186 1497 3245 eam,
1635 3164 1811 3230 Postremo
1834 3165 1951 3230 dicitur
1972 3166 2038 3247 hic,
2062 3162 2206 3232 collecta
2215 3160 2317 3233 fuisse
2328 3162 2525 3252 fragmenta.

512 3265 613 3342 auget
634 3251 792 3331 laninam,
827 3252 1005 3317 resuscitat
1027 3252 1098 3316 eius
1117 3250 1236 3318 filiam:
1269 3189 1318 3317 lla
1352 3264 1387 3317 tu
1421 3271 1496 3317 cum
1548 3249 1623 3316 lloc
1639 3271 1733 3315 exem
1758 3246 1793 3315 lo
1811 3254 2062 3318 commendatur
2078 3252 2398 3336 nobisparsimonia.
2430 3252 2528 3317 Deus

511 3342 574 3407 das
595 3338 866 3426 Eleemosynam,
888 3339 992 3404 debes
1015 3350 1108 3403 certo
1131 3349 1291 3416 statuere,
1315 3339 1404 3425 qaod
1419 3336 1496 3403 Deo
1547 3336 1620 3402 vult
1641 3357 1705 3402 uos
1727 3272 1875 3423 Angelos
1898 3358 1993 3417 esse,
2021 3359 2089 3404 non
2118 3336 2188 3404 vult
2210 3338 2282 3405 lieri
2303 3336 2529 3423 profusiones.

510 3424 643 3513 placeat
662 3427 730 3493 hoc
754 3444 856 3508 opus,
889 3436 923 3488 et
952 3425 1042 3509 quod
1071 3425 1218 3489 vicissim
1240 3424 1334 3490 Deus
1363 3421 1496 3490 iuturus
1548 3420 1631 3489 Vult
1652 3425 1793 3511 agnosci
1816 3445 1836 3488 a
1854 3426 1950 3490 nobis
1964 3426 2053 3491 dona
2071 3437 2105 3491 et
2117 3425 2279 3491 beneficia
2288 3444 2363 3505 sua,
2384 3435 2418 3491 et
2438 3435 2532 3491 recte

512 3514 556 3577 sit
578 3514 661 3597 erga
682 3524 716 3577 te
738 3509 922 3587 beneficus,
944 3512 1031 3573 sicut
1052 3522 1145 3575 reete
1163 3510 1328 3577 dicituriu
1346 3507 1496 3595 illispal-
1548 3511 1709 3594 usurpari.
1756 3507 1913 3577 Scribant
1940 3514 1973 3577 in
2002 3508 2114 3578 ultima
2137 3510 2303 3578 Sarmatia
2323 3506 2531 3596 essequod·

512 3596 685 3665 cheri-imis
705 3594 883 3683 Rhythmis
903 3593 1128 3661 Germanicis:
1549 3595 1624 3661 dam
1657 3594 1791 3667 animal,
1824 3596 1914 3683 quod
1946 3598 2116 3663 nominant
2141 3601 2311 3679 Galonern,
2343 3597 2378 3664 id
2405 3609 2531 3664 matura

1548 3694 1657 3761 vorat,
1678 3692 1714 3746 at
1736 3703 1822 3767 pene
1845 3696 1970 3766 crepet.
2015 3685 2138 3749 Postea
2165 3685 2254 3750 intra
2281 3686 2366 3750 duas
2387 3685 2529 3751 arbores

554 3772 696 3837 Ktrclen
710 3770 816 3849 peden
837 3773 960 3832 :annet
981 3769 1085 3832 nicht:
1549 3787 1587 3831 se
1610 3768 1761 3845 intrudit,
1793 3779 1830 3831 ut
1857 3769 1890 3832 in
1918 3771 2082 3855 angustiis
2110 3767 2176 3835 illis
2198 3790 2318 3837 rursus
2340 3771 2451 3836 eiiciat
2471 3788 2532 3835 sen

554 3857 709 3921 Abrroscn
727 3856 831 3934 peden
853 3863 961 3918 armet
979 3856 1085 3920 ntrltt:
1548 3854 1704 3918 extrudat
1727 3854 1851 3920 cibum:
1870 3853 1979 4003 lpaulo
2007 3870 2085 3941 post
2114 3859 2234 3922 iterum
2261 3857 2415 3923 esuriens
2435 3856 2532 3935 redit,

558 3944 698 4008 Uarecbt
713 3950 774 4020 put
789 3944 894 4023 fcerit
912 3942 1006 4005 niclrt.
1548 3950 1581 4003 et
1598 3959 1715 4004 rursus
1739 3950 1837 4004 vorat.
1859 3942 1867 4004 i
1898 3962 1937 4005 os
1957 3944 2080 4009 crudos
2117 3946 2213 4009 cibos
2235 3956 2404 4009 exuasos.
2438 3940 2533 4007 llaec

1549 4037 1599 4089 eat
1621 4027 1731 4111 imago
1753 4021 1932 4091 helaonum
1959 4042 1993 4094 et
2015 4030 2312 4116 intemperantiam.
2357 4028 2453 4096 Sicut
2483 4029 2530 4095 vi·

598 4111 692 4178 Deus
712 4111 858 4177 custodit
876 4122 910 4175 et
931 4122 1032 4195 auget
1053 4110 1201 4196 privatas
1220 4122 1251 4175 et
1272 4109 1423 4203 publicas
1446 4108 1494 4175 la·
1548 4112 1663 4175 demas
1686 4112 1720 4176 in
1737 4109 1824 4177 aulis
1846 4113 1930 4191 lieri,
1952 4126 1989 4181 ut
2002 4112 2104 4202 aliqui
2125 4137 2192 4183 ano
2215 4117 2270 4181 die
2292 4117 2345 4181 bis
2366 4126 2463 4181 terve
2482 4114 2530 4179 in·

512 4198 652 4267 cultates
675 4210 813 4284 propter
834 4195 1078 4262 liberalitatem.
1113 4196 1184 4277 llis,
1198 4199 1253 4284 qui
1272 4194 1495 4264 benefaciant
1547 4200 1726 4277 ebrientur,
1747 4210 1781 4262 et
1802 4201 1943 4264 subinde
1958 4215 2123 4283 evomant,
2145 4218 2178 4268 et
2195 4225 2274 4279 mox
2290 4213 2399 4267 mmen
2411 4202 2530 4268 iterum

510 4284 705 4364 Ecclesiae,
738 4285 829 4350 addit.
852 4282 948 4348 Deus
969 4279 1072 4348 multa
1094 4286 1201 4358 bona:
1235 4295 1268 4349 et
1294 4305 1494 4369 quamquam
1544 4285 1759 4370 ingurgitent.
2364 4322 2372 4331 ,.

511 4370 705 4458 affligantur
727 4369 939 4456 aliquamdiu,
963 4383 1072 4434 tamen
1092 4381 1320 4435 sustentantur
1339 4369 1494 4435 mirabili·

510 4468 571 4523 ter.
617 4457 679 4522 llic
702 4476 783 4541 ergo
807 4458 960 4523 obiicitur
982 4454 1121 4543 alterum
1144 4469 1391 4543 argumentum:
1632 4454 1669 4519 ln
1691 4457 1849 4523 universe
1867 4458 1935 4523 vita
1952 4456 2088 4525 maltum
2112 4461 2211 4526 situm
2235 4472 2289 4525 est
2309 4460 2344 4525 in
2365 4471 2461 4526 recta
2477 4478 2529 4523 ra·

744 4617 746 4620 ¹
1546 4544 1635 4607 tione
1656 4542 1765 4608 victus
1784 4544 2027 4623 constituenda,
2049 4566 2136 4631 qaae
2158 4548 2353 4612 necessaria
2373 4558 2438 4625 est,
2460 4564 2529 4609 non

553 4629 648 4695 Deus
676 4625 796 4713 affligit
812 4629 1000 4708 Baletium,
1029 4638 1064 4693 et
1081 4629 1181 4712 pttnr’t
1198 4630 1360 4707 bortriner,
1394 4634 1493 4694 ettam
1544 4627 1654 4693 solum
1676 4640 1813 4713 propter
1836 4626 2069 4710 valetudinem,
2090 4634 2270 4699 sedetiam
2291 4644 2327 4699 ut
2347 4632 2448 4698 animi
2469 4650 2530 4697 no·

596 4717 838 4782 ranctnnmor:
1545 4716 1605 4780 stri
1627 4713 1694 4778 sint
1715 4714 1825 4779 idonei
1848 4726 1881 4780 et
1903 4717 1970 4800 apti
1992 4717 2036 4781 ad
2060 4720 2275 4808 cogitandam
2303 4739 2359 4785 res
2382 4718 2528 4795 divinas,

552 4801 644 4885 Erro
656 4799 789 4884 fnestra
808 4808 965 4885 petantur
985 4802 1068 4866 dorm
1089 4804 1280 4884 carpwald:
1545 4814 1578 4866 et
1599 4800 1642 4865 ad
1664 4800 1897 4866 invocandam.

595 4973 799 5061 Respondeo
827 4973 871 5038 ad
900 4973 1122 5038 antecedens:
1154 4971 1299 5037 Exercet
1332 4985 1365 5036 et
1397 4972 1493 5055 punit
1631 4972 1778 5038 Pertinet
1810 4973 1908 5038 etiam
1930 4973 2117 5061 exemplam
2140 4974 2320 5064 colligendi
2339 4974 2531 5063 fragorenta

510 5056 604 5127 Deus
631 5065 727 5125 etiam
751 5071 888 5125 sanctos
912 5081 1006 5140 suos,
1040 5061 1127 5125 sicut
1158 5057 1218 5123 lob
1252 5059 1372 5145 inquit:
1407 5059 1491 5141 Scio,
1543 5059 1587 5123 ad
1628 5056 1981 5127 commonesaetionem
2018 5064 2060 5128 de
2100 5065 2340 5131 conservandis
2378 5060 2530 5149 reliquiis

422 5162 424 5167 ·
508 5150 596 5230 quod
620 5167 684 5212 non
715 5153 829 5227 parcat
856 5149 1071 5231 delinquenti:
1105 5157 1138 5212 et
1170 5142 1293 5233 singuli
1326 5145 1491 5209 habemus
1544 5145 1716 5210 doctrinae
1749 5146 1782 5210 in
1815 5144 1987 5227 Ecclesia,
2020 5169 2064 5216 ne
2096 5151 2245 5216 sinamus
2276 5152 2401 5237 scripta
2434 5144 2531 5216 utilia

508 5231 639 5316 lapsus,
663 5243 904 5297 cornrnerentes
927 5253 1078 5317 poenam.
1124 5231 1192 5298 Sed
1213 5245 1322 5298 tamen
1346 5251 1413 5295 non
1435 5250 1488 5296 ac·
1541 5232 1690 5317 priorum
1711 5232 1847 5299 interire
1867 5235 2011 5320 ignaria,
2035 5249 2093 5303 aut
2113 5237 2222 5303 stadio
2244 5238 2443 5304 nonatum:
2464 5234 2531 5300 sed

510 5318 623 5386 cendit
655 5316 751 5384 Deus
784 5328 887 5383 totam
919 5320 1002 5384 iram
1035 5340 1147 5403 saam3
1187 5319 1317 5404 mitigat
1347 5336 1491 5403 poenam
1542 5337 1629 5404 qaae
1662 5329 1755 5385 recte
1775 5330 1855 5386 sant
1876 5322 2015 5401 tradita,
2048 5341 2274 5409 propagemus
2305 5325 2349 5390 ad
2382 5320 2527 5409 posteri·

509 5407 688 5511 agentibus
709 5405 958 5491 poenitentiam,
982 5416 1015 5472 et
1025 5405 1260 5471 invocantibus
1282 5424 1320 5469 se
1327 5427 1337 5479 ;
1359 5417 1404 5484 et,
1427 5402 1491 5468 nisi
1541 5415 1653 5470 tatem.

508 5492 693 5578 mitigaret,
726 5512 794 5556 non
824 5510 1003 5577 possemus
1030 5493 1196 5558 sustinere
1217 5511 1363 5577 poenas,
1398 5491 1491 5556 iuxta

509 5578 632 5645 dictum
657 5574 796 5647 Psalmi:
817 5580 858 5645 st
877 5584 1063 5662 tntqnitatea
1083 5580 1321 5657 observaveris,
1342 5576 1490 5656 Domine,
