5934 6709
469 746 554 819 tls·
1109 742 1224 814 PHIL-
1245 742 1354 814 MEL-
1381 740 1574 814 sctttt’ta
1592 740 1863 812 mutulos.
2425 743 2498 813 w

563 938 710 1025 Spiritus
730 944 865 1003 saumas
884 936 1036 1021 procedit
1051 958 1075 1002 a
1089 944 1197 1020 patre.
1243 933 1360 1002 Verbo
1382 955 1458 1022 pro·
1507 944 1735 1020 peccatoram,
1757 945 1792 1000 st
1812 931 1969 1001 fieremus
1990 933 2069 1000 insti
2088 931 2319 1016 lncltoatione,
2352 937 2494 1021 imputa·

474 1026 618 1098 cedendi
639 1027 759 1092 utimur
780 1026 823 1090 de
846 1022 971 1109 Spiritu
994 1036 1125 1103 sancto,
1148 1033 1180 1088 et
1201 1018 1355 1089 differunt
1375 1042 1455 1108 pro·
1506 1022 1606 1094 tione,
1628 1031 1663 1086 et
1684 1032 1805 1107 postea
1826 1021 2120 1089 consummatione.
2162 1025 2203 1090 la
2223 1039 2273 1103 eo,
2294 1022 2328 1090 id
2349 1037 2415 1103 est,
2431 1045 2497 1111 per

476 1117 599 1181 cedere
619 1125 654 1178 et
676 1112 780 1177 nasci.
824 1109 1011 1175 Procedens
1028 1121 1081 1176 est
1101 1131 1123 1176 a
1144 1106 1458 1195 patentiavolentc;
1510 1128 1584 1174 cnm
1617 1118 1652 1172 et
1683 1120 1823 1213 propter
1862 1128 1948 1174 eum.
2014 1107 2097 1174 Eius
2134 1107 2259 1176 iustitia
2297 1111 2404 1175 restiti
2436 1130 2494 1177 su·

476 1202 586 1267 Nassei
617 1208 669 1264 cst
696 1219 717 1263 a
749 1199 897 1283 potentia
930 1194 1148 1284 intelligente,
1169 1197 1203 1261 id
1233 1207 1302 1270 est,
1335 1210 1456 1263 mente.
1507 1213 1596 1274 mua,
1619 1194 1706 1259 sicut
1727 1193 1848 1261 amns
1869 1194 1991 1281 inquit:
2014 1194 2172 1262 Gaudcdo
2191 1197 2226 1261 iu
2242 1194 2387 1262 Doadao
2411 1216 2492 1280 meo,

475 1287 538 1355 uio
562 1285 650 1351 filins
672 1284 736 1350 Dei
760 1285 941 1368 assumpsit
961 1284 1138 1348 hantunam
1160 1293 1324 1362 naturam,
1346 1282 1457 1349 lactus
1508 1282 1542 1346 id
1565 1291 1634 1359 est,
1665 1301 1732 1346 non
1755 1278 1908 1347 laetabor
1928 1292 2066 1366 propter
2087 1302 2193 1348 meam
2213 1283 2388 1363 iustitiam,
2413 1284 2495 1370 qn'u

476 1393 539 1461 pro
564 1375 662 1438 nobis
684 1371 893 1455 deprecator,
916 1380 950 1434 ct
971 1371 1128 1435 derivans
1156 1370 1190 1435 in
1212 1388 1252 1434 se
1274 1370 1356 1435 irem
1380 1369 1457 1434 divi·
1509 1367 1618 1433 indait
1638 1387 1691 1432 me
1713 1369 1909 1434 vestimento
1924 1368 2067 1435 iustitiae
2089 1387 2180 1453 suae,
2202 1366 2332 1435 scilicet
2347 1370 2428 1455 quie
2444 1368 2496 1439 ef·.

476 1481 555 1527 nam
580 1470 613 1523 et
635 1478 775 1545 poenam
796 1476 858 1541 pro
882 1458 1031 1542 peccatis
1054 1458 1186 1543 generis
1208 1456 1354 1522 hnmani.
1398 1452 1458 1520 llle
1508 1453 1576 1520 ficit
1597 1454 1631 1519 in
1653 1472 1707 1518 me
1728 1473 1825 1520 suern
1846 1454 2023 1535 iustitiam,
2051 1456 2231 1539 imputatur
2251 1455 2332 1521 mibi
2354 1476 2419 1522 sua
2445 1458 2493 1524 in·

476 1543 566 1612 filius
585 1542 649 1610 Dei
667 1539 878 1612 inenarrabili
897 1546 1034 1609 decreto
1057 1543 1322 1609 constitutnsest
1335 1541 1459 1607 media·
1508 1541 1606 1606 stitia.
1652 1539 1860 1627 Quamquam
1891 1551 2001 1607 antam
2040 1540 2152 1607 adbuc
2183 1543 2288 1608 simus
2320 1542 2494 1624 immundi,

477 1646 533 1700 tor
554 1642 588 1696 et
609 1632 808 1717 deprecator
829 1651 891 1714 pro
914 1648 1040 1717 genere
1063 1627 1225 1708 humano,
1249 1626 1306 1694 ille
1332 1648 1458 1693 essum·
1509 1634 1619 1692 tamen
1641 1646 1757 1691 sumus
1779 1627 1869 1717 iusti,
1889 1627 2003 1693 vestiti
2025 1646 2089 1694 sua
2108 1628 2244 1708 iustitia,
2264 1629 2301 1694 id
2322 1638 2491 1709 contecta

477 1720 544 1806 psit
562 1717 737 1782 humanam
760 1729 923 1794 naturam,
945 1727 981 1781 nt
1001 1712 1121 1801 aliquis
1133 1717 1165 1779 in
1178 1735 1302 1803 genere
1312 1715 1457 1781 humano
1508 1724 1625 1780 nostra
1646 1712 1834 1779 infirmitate
1863 1716 2009 1800 regimur
2035 1724 2070 1779 et
2093 1724 2323 1781 sustentemur
2340 1716 2384 1781 ab
2405 1716 2490 1801 ipso.

476 1806 659 1871 sustineret
681 1822 834 1888 poenam,
852 1802 930 1887 quia
951 1801 1046 1866 Dens
1070 1797 1175 1868 voluit
1196 1799 1354 1866 satisfieri
1376 1819 1459 1867 saec
1594 1797 1649 1864 lll.
1700 1795 1763 1864 lle
1787 1799 1820 1865 A
1854 1797 2101 1885 plicatione,
2126 1799 2303 1874 Quomodo
2324 1803 2492 1887 accipian·

475 1891 638 1971 iustitiae,
666 1885 814 1975 postulat
847 1908 921 1953 com
966 1889 1149 1953 usationem
1181 1885 1458 1973 aequivalentem,
1508 1896 1563 1952 tur
1583 1883 1671 1950 baec
1690 1886 1792 1951 bone.
1820 1822 1982 1954 flamines
1998 1907 2067 1953 non
2089 1900 2256 1953 merentur
2273 1908 2314 1955 aa
2335 1887 2410 1954 suis
2424 1907 2492 1955 mo

476 1974 607 2043 seilicet
639 1975 799 2060 passione
827 1971 885 2038 filii
948 1977 997 2055 ci,
1031 1974 1087 2060 qui
1120 1986 1190 2039 stat
1222 1994 1336 2039 coram
1386 1983 1458 2038 atre
1508 1972 1581 2037 ritis
1603 1982 1661 2037 aut
1682 1973 1817 2058 proprie
1839 1974 2011 2059 dignitate,
2033 1976 2098 2040 sed
2117 1973 2404 2060 isteaccipluntar
2413 1973 2490 2043 aaa

477 2063 633 2130 omnibus
651 2061 857 2146 temporibus
879 2057 1098 2146 interpellans
1119 2070 1271 2145 pretate
1291 1994 1458 2125 Ecclesia.
1508 2056 1573 2125 llic
1606 2070 1738 2142 oportet
1766 2079 1830 2124 voa
1858 2056 2047 2148 intelligere
2075 2061 2261 2127 doctrinam
2288 2060 2332 2126 de
2353 2080 2492 2128 consae

330 2176 335 2187 ·
478 2149 635 2235 oportuit
656 2148 755 2234 igitar
776 2165 854 2213 esse
875 2143 988 2226 talem,
1010 2147 1063 2213 cui
1084 2157 1186 2212 notae
1203 2147 1270 2212 sint
1288 2145 1459 2234 cogitatio·
1508 2145 1615 2210 sione.
1658 2143 1760 2209 Fides
1789 2165 1858 2210 non
1883 2158 1937 2211 est
1959 2146 2070 2213 otiosa
2086 2167 2127 2213 co
2154 2146 2256 2232 'tetio,
2278 2147 2342 2213 sed
2359 2158 2414 2214 est
2433 2144 2490 2214 llls

389 2246 391 2253 ’
476 2254 541 2387 tn
562 2235 683 2385 ι
712 2253 796 2384 tu
819 2232 970 2384 tunt
1099 2233 1459 2385 ⁰5⁸⁰an
1507 2232 1586 2382 tir
1614 2241 1646 2382 t
1667 2230 2166 2385 stantuna-uu
2186 2235 2286 2386 cn
2314 2232 2489 2387 ‘titt

475 2341 592 2474 serlllt
614 2342 700 2486 salla,
723 2338 1117 2484 vigiggttffurbclsibecrqst
1132 2338 1211 2471 {lm
1233 2427 1254 2470 a
1272 2339 1458 2472 ⁸nlltarleclll:
1508 2338 1611 2469 velis}l
1622 2401 1797 2468 doloribus
1817 2364 1921 2470 homo,
1940 2340 2114 2472 sustllntlll¹
2128 2339 2186 2472 :ln
2193 2366 2281 2472 v’oee
2321 2341 2491 2494 uvaanrsgclil,

428 2542 431 2547 -
476 2502 583 2559 terne.
627 2492 696 2557 lsta
717 2511 784 2557 non
806 2502 886 2557 sant
905 2492 970 2556 nisi
987 2493 1222 2578 omnipotentis
1243 2503 1392 2558 naturae.
1509 2502 1543 2554 et
1564 2492 1711 2555 intuetur
1730 2491 1829 2555 istum
1851 2488 1955 2557 filium
1977 2493 2033 2578 qui
2055 2504 2109 2558 est
2129 2489 2273 2578 supplex
2293 2489 2409 2559 sactus
2433 2514 2490 2579 ps·

476 2664 521 2731 a
549 2576 1259 2730 d“tttttttttffltltttttttlt
1288 2576 1459 2729 lilim
1508 2575 2491 2733 ‘titt‘ttttttltttttittt‘stltffltttt

476 2753 548 2818 eiua
573 2759 651 2816 aute
677 2751 749 2816 dies
774 2751 902 2829 mettdi,
934 2751 966 2814 id
990 2759 1059 2830 est,
1094 2686 1182 2815 uilla
1204 2747 1261 2815 ille
1282 2683 1382 2814 nellls
1404 2761 1457 2814 est
1509 2682 1647 2829 lffimx,
1680 2761 1713 2814 et
1734 2709 1818 2814 fite's
1843 2751 2037 2817 accenditur
2057 2751 2091 2816 in
2113 2689 2230 2831 cllrde,
2251 2773 2321 2839 qna
2341 2750 2411 2817 lide
2431 2770 2490 2819 cor

475 2849 556 2905 ante
585 2839 657 2902 dics
691 2836 813 2914 mundi,
847 2848 881 2900 et
910 2836 1041 2921 quidem
1069 2846 1187 2920 postea
1214 2846 1370 2902 versatus
1405 2847 1458 2900 est
1508 2836 1693 2920 acquiescit
1720 2835 1754 2900 in
1782 2836 1849 2901 hoc
1878 2834 1946 2902 filio
1977 2839 2066 2902 etin
2088 2836 2180 2905 Deo:
2219 2838 2270 2905 lte
2290 2839 2394 2904 homo
2411 2850 2491 2904 tunc

475 2924 727 3073 ffmtlaffibus’
743 2924 816 3072 {ipse
834 2918 894 3072 flul
911 2921 1133 3072 epqddldam,
1150 2920 1333 3001 Abrabam,
1349 2921 1457 3074 lsaaacs,
1509 2933 1562 3026 est
1594 2932 1751 3072 {sceptus
1772 2934 1911 3093 prquer
1942 2920 2035 3074 ffllill
2061 2925 2171 3029 ipsum
2192 2923 2392 3076 filinmfiqtion

476 3028 554 3160 full⁰
571 3019 765 3174 delleltll,
785 3017 1457 3159 psl-llutunlrtlltaelrssertlltllcelsslilrllpetlicitl
1508 3027 1581 3180 gl?
1596 3018 1793 3160 ltt'cgtlullatgst
1823 3020 1974 3173 viclillrll3
2006 3029 2050 3162 el
2066 3031 2131 3162 ἕξιν
2149 3023 2490 3182 ltlmeoellatoutlnapml

474 3179 611 3264 Sernper
643 3177 754 3262 adlntt
781 3180 900 3265 qenai
929 3178 1067 3246 manans
1097 3178 1184 3266 fitius
1211 3179 1288 3246 Dei.
1333 3178 1457 3246 Sciatis
1508 3190 1655 3264 patrem,
1677 3191 1710 3245 et
1732 3189 1767 3245 te
1788 3190 1937 3248 statuere
1959 3193 2108 3269 oportet,
2130 3186 2220 3270 quod
2277 3203 2322 3250 eo
2341 3180 2491 3270 placeas,

512 3268 594 3347 itur,
625 3278 658 3333 et
679 3266 778 3332 vobio
795 3287 870 3332 enm
892 3265 1033 3346 adesse,
1057 3267 1216 3332 exaudire
1236 3284 1322 3347 vos,
1344 3276 1378 3332 et
1399 3267 1456 3332 de·
1508 3286 1608 3352 qnam
1632 3286 1709 3332 uem
1725 3284 1764 3331 os
1785 3267 1896 3333 mism.

533 3354 614 3419 dere
634 3372 697 3418 vos
716 3362 833 3418 contra
854 3362 1052 3438 potestatem
1075 3350 1220 3419 Diaboli.
1595 3286 1685 3418 tlntt
1711 3353 1875 3419 decretm
1906 3376 1930 3420 a
1961 3353 2115 3421 omaro.
2174 3354 2250 3424 Falt
2281 3357 2489 3443 praedictum

561 3437 600 3506 ll.
633 3436 694 3504 De
714 3435 950 3505 beneficiis.
995 3438 1165 3504 Benelicia
1186 3435 1358 3505 declarate
1379 3447 1458 3504 sunt
1507 3450 1682 3505 venturam
1700 3436 1801 3506 lilium
1823 3438 1888 3505 ttat
1909 3440 1943 3507 in
1964 3452 2083 3527 quarte
2104 3441 2321 3510 Monarchiat
2350 3444 2428 3510 ideo
2453 3440 2489 3507 lit

474 3524 510 3593 in
532 3525 641 3591 dictos
662 3525 733 3590 [aa
751 3545 815 3609 per
828 3524 948 3592 Mosen
969 3526 1052 3591 data
1072 3533 1131 3604 est,
1146 3528 1263 3611 prada
1283 3533 1315 3590 et
1329 3527 1457 3590 ueritas
1507 3525 1632 3591 mentio
1654 3523 1811 3592 Caesaris
1832 3526 1989 3614 Augusti.

472 3631 538 3698 per
559 3607 663 3676 demam
684 3611 846 3677 Odenatum
864 3609 964 3695 factu
980 3621 1038 3679 est.
1072 3610 1197 3676 Gratia
1218 3609 1386 3698 significet
1406 3630 1457 3676 re·

475 3698 669 3763 missionem
690 3709 916 3782 peccatoram,
938 3698 1179 3785 reputationem
1196 3698 1358 3777 iustitias,
1380 3699 1458 3800 quia
1695 3703 1779 3790 Ubi
1809 3707 1888 3790 hoc
1919 3719 1982 3790 est
2000 3691 2297 3820 ‘praedjcqumt

475 3783 686 3850 verissimum
719 3793 787 3856 est,
850 3786 917 3858 nod
948 3806 1056 3872 genus
1088 3783 1269 3851 humanam
1301 3784 1458 3868 recipitur

476 3880 617 3955 propter
643 3866 750 3936 tilium
777 3868 860 3948 Der,
888 3881 923 3936 et
947 3867 1265 3937 estetiamellicax
1291 3870 1457 3949 innubis,
1595 3869 1808 3954 Respondeo.
1852 3871 1888 3937 ln
1910 3870 2052 3939 Daniele
2074 3873 2206 3940 duabus
2227 3873 2434 3951 visionibus3
2451 3886 2488 3941 et

386 4034 392 4043 Ι
477 3954 807 4021 communicetsuam
822 3956 990 4035 iustitiam,
1012 3956 1210 4021 remissione
1231 3966 1457 4042 peccatorum,
1508 3956 1608 4043 igitur
1629 3957 1786 4022 ostendet
1803 3955 2002 4043 completam
2023 3977 2103 4024 esse
2118 3959 2392 4044 praedictionem,
2411 3957 2489 4028 lacit

475 4042 558 4108 item
586 4042 802 4123 imputatione
828 4042 987 4121 institiae,
1021 4053 1055 4107 et
1082 4039 1280 4108 liberatione
1307 4062 1329 4107 a
1350 4052 1457 4108 morte
1508 4044 1707 4108 mentionem
1747 4053 1886 4129 quartae
1918 4043 2149 4111 Monarchiae.
2203 4042 2374 4134 Congruit
2406 4048 2487 4113 enim

476 4140 624 4193 aeterua:
654 4139 688 4193 et
715 4128 925 4194 restitutione
948 4128 1099 4215 integrae
1121 4128 1275 4193 iustitiae.
1310 4125 1458 4193 Veritas
1511 4149 1585 4194 cum
1617 4126 1682 4193 hac
1713 4129 1954 4214 praedictione:
1987 4130 2068 4197 Noe
2094 4129 2266 4214 culmum
2286 4142 2446 4219 sceptrum
2465 4154 2488 4197 a

477 4214 508 4278 si
536 4212 652 4278 nificat
672 4234 729 4279 res
751 4232 873 4292 veras,
901 4233 982 4279 vera
1003 4216 1102 4282 bona.
1146 4211 1301 4280 Christus
1322 4234 1403 4280 vera
1423 4215 1457 4279 in
1508 4215 1608 4294 Iuda,
1630 4216 2036 4296 conmmeatum
2058 4228 2122 4297 est,
2142 4216 2224 4286 lade
2244 4220 2308 4286 erit
2328 4221 2489 4306 tantisper

416 4306 421 4313 '
477 4319 524 4365 no
549 4300 578 4363 is
600 4311 664 4378 est,
686 4311 720 4366 et
740 4313 793 4366 est
815 4296 950 4380 efficax,
971 4313 1006 4366 et
1026 4300 1162 4366 inchoat
1182 4300 1216 4365 in
1233 4302 1458 4381 nobisveram
1510 4299 1642 4388 politia,
1677 4302 1787 4368 donec
1810 4305 1939 4369 venerit
1960 4302 2120 4386 Messium
2153 4303 2269 4392 politia
2300 4306 2392 4373 enlm
2413 4305 2489 4374 luda

476 4385 645 4457 iustitiam,
669 4396 702 4451 et
721 4389 824 4453 vitam
845 4397 1025 4466 ammam,
1047 4407 1137 4473 quae
1158 4386 1328 4473 perficitur
1346 4389 1460 4454 invite
1510 4389 1576 4454 iam
1597 4384 1680 4454 nihil
1701 4400 1755 4453 est
1779 4390 1876 4454 annis
1901 4390 1995 4456 1470.
2050 4389 2144 4478 Ergo
2174 4410 2319 4458 neoeme
2353 4406 2408 4459 est
2437 4413 2490 4459 uc

478 4470 609 4564 lutura,
644 4483 678 4536 et
709 4485 829 4556 postea
861 4474 1046 4539 videbimus
1078 4492 1136 4539 res
1163 4492 1241 4538 esse
1261 4493 1373 4539 veras.
1417 4471 1460 4539 lit
1511 4475 1605 4540 uisse
1625 4472 1797 4546 Messium,
1821 4475 1899 4562 quia
1915 4487 2024 4543 textus
2047 4475 2141 4543 clara
2162 4478 2253 4558 dicit,
2276 4479 2370 4564 qnod
2384 4480 2419 4545 in
2432 4474 2491 4545 ills

477 4555 565 4623 llaec
597 4568 676 4623 sant
703 4559 885 4639 beneficia,
918 4578 1003 4644 quac
1034 4579 1096 4643 per
1122 4560 1232 4645 ipsum
1258 4560 1460 4645 accepimns,
1509 4562 1594 4627 urbe
1625 4558 1805 4626 Ierusalem
1838 4573 1949 4629 stante
1991 4560 2103 4630 adhuc
2141 4560 2199 4630 illo
2230 4561 2358 4651 templo
2395 4562 2492 4632 aaut

476 4643 1459 4797 ffi“i„.{i,i'⁰'d,li⁸¹¹it,32³23',„{⁶¹,„¹¹⁰i„⁵'liii·
1481 4655 1488 4681 ⁴
1511 4645 2407 4803 tta-tittttitttttinstittim‘ffl‘t
2428 4670 2492 4718 ¹¹⁰⁵

478 4812 631 4894 sillitate,
654 4830 733 4884 sunt
754 4816 866 4884 adhuc
887 4816 920 4881 in
950 4818 1048 4882 nobis
1070 4827 1220 4901 peccata.
1264 4814 1389 4884 Paulas
1411 4818 1460 4882 in·
1598 4819 1722 4886 Census
1749 4829 1822 4886 crat
1841 4757 2028 4887 aeltimetio
2056 4818 2266 4902 facultatum,
2296 4834 2336 4889 ut
2368 4825 2493 4890 edient

478 4903 567 4989 quit:
595 4902 676 4969 Earn
697 4907 755 4988 qni
773 4923 838 4969 nou
857 4905 945 4969 nouit
967 4911 1154 4987 peccatum,
1185 4922 1250 4986 pro
1269 4904 1362 4970 uobis
1379 4894 1462 4986 lectt
1512 4905 1667 4975 Romani,
1707 4917 1866 4990 quantum
1893 4906 2045 4974 valerem
2075 4911 2237 4989 exercita,
2271 4920 2308 4976 et
2337 4912 2491 4997 pecarnis,

476 4996 656 5072 matum.
678 5000 716 5056 ut
732 4991 881 5078 fieremus
900 4991 1028 5056 nadab
1049 4992 1085 5054 iu
1104 4992 1188 5073 ipso.
1223 4989 1303 5056 Eam
1324 4995 1381 5075 qui
1397 5009 1462 5056 nou
1511 4993 1601 5058 unde
1629 5002 1722 5056 essct
1749 4993 1946 5060 sumendum
1974 4995 2174 5080 stipendium
2199 4993 2371 5063 bellicum.
2412 4997 2495 5065 ldeo

478 5076 571 5139 aoott
590 5084 782 5159 peccatam]
819 5077 857 5141 ln
875 5072 1010 5142 Christo
1029 5097 1097 5142 non
1120 5086 1174 5141 est
1193 5088 1382 5161 peccatum,
1404 5096 1460 5142 ne·
1511 5076 1672 5144 volebant
1693 5076 1765 5142 lieri
1785 5081 2050 5146 aestimationem
2071 5078 2279 5164 facultatem,
2301 5092 2432 5169 quanta
2444 5102 2494 5152 as

479 5177 546 5245 que
567 5166 652 5228 male
673 5162 863 5242 inclinatio,
897 5182 1007 5248 nequa
1034 5158 1146 5248 aliqua
1165 5159 1255 5229 mma
1275 5164 1375 5228 actio.
1419 5162 1463 5229 Et
1512 5177 1567 5232 set
1578 5163 1752 5230 multitudo
1765 5163 1944 5247 hominum,
1955 5185 2041 5254 quas
2051 5181 2167 5234 essem
2177 5165 2374 5251 facultates,
2390 5192 2495 5259 quan·

477 5244 535 5310 bic
556 5248 690 5329 ponitur
711 5259 887 5334 peccatum
908 5269 980 5333 pro·
993 5246 1217 5315 iattdnnenta.
1268 5249 1365 5316 Haase
1381 5245 1463 5331 fecit
1512 5261 1582 5317 tam
1603 5247 1759 5337 singulas
1779 5253 1971 5335 provinciae
1990 5254 2137 5340 pendere
2221 5268 2309 5321 sent.

475 5335 659 5416 precatae]
681 5333 744 5399 llic
808 5338 897 5402 nitur
922 5346 1096 5422 peccatum
1109 5336 1334 5420 protermino,
1354 5337 1464 5417 idest,
1600 5336 1720 5403 tanta
1752 5340 1908 5405 amatote
1939 5359 1981 5407 er
2011 5339 2130 5408 Nazar
2213 5342 2250 5407 itt
2281 5337 2492 5424 ΒΜ]

477 5414 560 5485 fecit
579 5438 655 5485 enm
676 5357 830 5506 quidilalr
851 5441 947 5487 reum
965 5435 999 5487 et
1022 5424 1205 5502 abiectam,
1230 5425 1464 5491 sustinentem:
1514 5422 1648 5503 Videte,
1664 5420 1781 5573 paulis
1802 5426 1937 5492 miseria
1957 5423 2068 5493 luerit.
2101 5427 2267 5495 Nazareth
2288 5425 2355 5495 tata
2375 5432 2411 5497 ia
2427 5429 2494 5497 (is-

477 5524 621 5591 poenam
650 5526 713 5591 pm
739 5510 890 5593 peccatis
929 5510 1065 5574 nostris.
1115 5504 1176 5573 llle
1206 5511 1326 5596 ingens
1354 5522 1388 5576 et
1416 5511 1463 5574 ln·
1514 5505 1634 5590 lilaea,
1679 5522 1799 5576 serant
1819 5513 1915 5598 quasi
1937 5512 2074 5595 exules,
2106 5526 2142 5581 et
2168 5515 2390 5601 qnasi'extra
2413 5534 2495 5585 suas

475 5590 679 5660 enamabilis
704 5593 758 5660 tn
779 5605 833 5660 est
860 5596 1002 5660 denum
1029 5595 1062 5658 in
1084 5591 1204 5675 filium,
1234 5603 1273 5660 et
1292 5615 1353 5661 uos
1371 5595 1464 5682 pler-a-
1618 5597 1766 5670 saionem
1798 5608 1894 5664 erant
1925 5600 2012 5666 etnim
2039 5620 2083 5666 ex
2113 5600 2203 5668 tribu
2227 5600 2311 5669 luds
2331 5601 2443 5671 idarls
2463 5612 2495 5670 at

476 5698 550 5745 sset
569 5680 712 5761 ἀιιιίιιά,
733 5681 767 5747 id
789 5692 855 5762 est,
875 5690 914 5748 et
934 5699 999 5746 nos
1016 5678 1215 5747 haberemus
1231 5682 1463 5749 remissionem
1529 5682 1656 5768 nam
1686 5682 1750 5768 ipsi
1771 5683 1891 5770 proed
1911 5686 2144 5754 habitaverant
2164 5698 2301 5776 psopter
2328 5690 2443 5759 mlada
2461 5700 2497 5757 st
2565 5716 2574 5729 ·
