5934 6709
475 846 568 933 Ego,
596 845 718 929 inquit,
753 842 853 907 vitam
885 852 1054 909 aeternam
1089 843 1132 906 tlo
1167 843 1226 906 eis.
1287 843 1369 923 Sap!
1399 862 1460 908 otto

475 942 585 1003 relner
606 951 746 1016 :terrant
778 927 911 1014 Alioqui
946 926 1168 994 sanctificatio
1202 940 1236 994 et
1268 927 1459 993 iustihcatio

475 1032 555 1085 suut
594 1038 697 1102 opera
738 1016 924 1081 eonrmuuia
959 1018 1066 1080 trihus
1105 1018 1268 1100 personis.
1337 1012 1458 1080 Proba.

477 1111 577 1173 Pater
609 1124 700 1168 :neue
732 1122 834 1186 :taque
860 1105 954 1168 modo
981 1110 1151 1185 operatur,
1184 1112 1217 1167 et
1247 1120 1458 1184 recuperor.

476 1192 571 1257 Sicut
598 1190 717 1253 videtis
750 1190 849 1253 etiam
882 1188 938 1252 hic
972 1190 1113 1253 describi
1138 1188 1456 1271 coutoruoiaupera‚

475 1299 552 1343 curu
585 1277 682 1340 dicit:
717 1273 823 1340 Nemo
854 1282 964 1355 raptet
996 1295 1041 1340 ee
1073 1277 1220 1339 otontdur
1249 1280 1358 1357 pratris
1385 1283 1457 1339 oret.

475 1364 561 1429 Suut
583 1383 704 1446 :rtugoa
726 1362 916 1425 certamina.
962 1360 1044 1425 Nom
1068 1357 1234 1425 Diabolus
1257 1356 1458 1424 horribiliter

478 1462 649 1535 oppugnat
667 1469 749 1527 nos,
783 1461 816 1511 et
838 1449 928 1530 cupit
952 1466 1013 1509 uos
1036 1444 1184 1511 auellere
1205 1468 1226 1510 a
1248 1446 1335 1524 Deo,
1370 1447 1457 1510 sicut

475 1538 618 1612 videtis,
651 1533 819 1620 quomodo
853 1534 885 1597 iu
921 1533 1081 1597 Paratliso
1116 1534 1316 1619 oppugnarit
1348 1530 1457 1595 Adam

476 1635 510 1689 et
543 1622 665 1700 Erum,
703 1632 823 1704 postea
857 1621 1044 1697 Aaronem,
1082 1618 1243 1705 Moysen,
1282 1617 1458 1696 Davidem,

1115 651 1227 720 effla.
1249 649 1354 719 atah.
1376 649 1567 721 scatere
1586 648 1854 723 annuatur.

2434 656 2505 726 ma

1509 844 1588 929 quia
1610 862 1674 928 ego
1698 843 1789 922 scio,
1817 863 1918 929 quatu
1950 844 1995 907 sit
2026 840 2198 911 salutaris.
2253 847 2312 915 leh
2342 852 2503 918 haden-

1505 936 1607 1012 [atreo
1627 932 1689 1010 dep
1710 939 1774 995 :atr
1794 934 1910 996 selbst:
1942 926 2117 1011 ll'aboluo¹
2135 942 2277 997 conatur
2303 954 2367 1001 uos
2401 956 2501 1003 cver-

1509 1028 1591 1095 tere,
1620 1018 1763 1084 drttocltt
1790 1020 1860 1081 atel:
1888 1019 2055 1097 weittlt'rh;
2094 1019 2157 1082 sed
2191 1018 2347 1085 Christus
2387 1035 2501 1106 portat

1509 1123 1573 1167 uos
1595 1102 1627 1166 iu
1651 1103 1723 1166 suis
1746 1103 1908 1165 manibus.
1952 1106 2005 1167 Do
2018 1105 2136 1184 peltart
2154 1110 2222 1170 :tuo
2238 1110 2322 1173 auch
2343 1110 2407 1174 dar
2428 1112 2498 1191 Μαι,

1508 1186 1630 1252 Esaiae
1647 1188 1701 1250 tti.
1756 1190 1938 1254 Pertaun‘ot
1967 1195 2003 1253 t'u
2035 1206 2128 1256 utero
2148 1210 2236 1269 uteo,
2265 1203 2445 1273 oratototot
2463 1204 2499 1263 tn

1507 1280 1578 1340 otro
1600 1292 1682 1351 meo,
1711 1294 1811 1355 :teque
1832 1278 1877 1339 ott
1896 1281 2075 1357 retractum,
2108 1296 2167 1359 epo
2194 1283 2343 1361 portabo.
2400 1279 2499 1351 ltctu:

1507 1358 1600 1425 Sicut
1618 1367 1771 1443 pastore:
1789 1371 1921 1441 pestaot
1940 1369 1972 1426 et
1991 1357 2105 1442 luceat
2129 1384 2247 1429 recens
2268 1368 2374 1432 editor
2395 1388 2500 1449 opnor

1507 1452 1656 1529 tenetur,
1690 1448 1736 1512 ito
1766 1455 1876 1527 petto!
1905 1466 1965 1512 aas
1997 1447 2091 1513 Deus
2113 1456 2154 1514 t'o
2177 1457 2306 1531 prendo
2338 1472 2417 1521 etto:
2451 1466 2497 1537 et,

1507 1534 1595 1597 sicut
1620 1534 1698 1617 agui
1732 1530 1797 1610 illi,
1829 1533 1894 1596 nisi
1927 1545 2139 1619 gestarentur
2161 1556 2182 1599 a
2206 1549 2359 1618 pastore,
2379 1540 2500 1605 devo·

1507 1631 1662 1682 rarentur
1685 1639 1705 1683 a
1727 1615 1806 1703 lupo
1829 1617 1884 1684 rel
1914 1617 2085 1703 vulpibus:
2117 1622 2164 1686 lta
2192 1621 2286 1688 Deus
2319 1643 2384 1688 uos
2414 1648 2500 1712 quo·

476 1705 623 1786 Saulem,
646 1706 770 1771 lutlam.
813 1705 1006 1791 loquamur
1036 1707 1078 1769 de
1100 1707 1173 1769 istis
1197 1706 1323 1771 crassis
1345 1724 1456 1768 exem·
1508 1726 1573 1789 que
1607 1717 1719 1790 gestat
1752 1707 1784 1768 iu
1818 1707 1971 1770 tuarribus
2001 1708 2094 1786 suis,
2128 1728 2191 1773 nec
2224 1711 2303 1773 sinit
2336 1731 2401 1775 nos
2437 1734 2499 1797 per

475 1792 552 1881 plis.
608 1793 716 1857 Adam
748 1808 781 1857 et
809 1791 881 1856 Eva
903 1789 1036 1873 impulsi
1057 1812 1079 1856 a
1101 1789 1259 1870 Diabolo,
1292 1802 1390 1854 ruunt
1421 1791 1455 1854 iu
1509 1789 1688 1855 Diabolum
1721 1792 1802 1874 eripi
1836 1812 1879 1855 ex
1906 1794 2059 1857 manibus
2091 1796 2174 1859 suis.
2230 1795 2304 1861 Das
2332 1801 2412 1863 :tart
2441 1803 2498 1866 tite

475 1891 633 1957 mortem,
667 1892 700 1944 et
722 1879 925 1942 :transissent
945 1878 978 1941 io
1000 1889 1125 1956 morte,
1157 1879 1221 1942 uisi
1254 1874 1375 1941 fuisset
1397 1896 1456 1960 per
1504 1896 1642 1957 prestet:
1666 1877 1843 1955 heuelicia,
1876 1899 1962 1962 quae
1986 1880 2042 1943 dat
2074 1881 2174 1944 nohis
2197 1878 2374 1967 Christus:
2403 1882 2497 1953 delet

474 1965 592 2030 Filium
614 1965 873 2030 intercedentem
893 1984 954 2049 pro
976 1966 1043 2042 cis,
1078 1962 1218 2028 liberati.
1263 1964 1378 2027 Aaron
1402 1982 1456 2025 as·
1508 1975 1695 2048 peccatum,
1716 1964 1858 2029 restituit
1878 1965 2054 2043 iustitiam,
2082 1966 2138 2030 dat
2160 1967 2318 2051 Spiritum
2340 1983 2498 2039 sanctum

475 2054 616 2117 sentitur
639 2048 836 2115 :nauiiestoe
858 2047 1081 2133 itlololatriae3
1105 2053 1173 2115 uod
1192 2053 1253 2115 der
1273 2055 1342 2113 teet
1363 2057 1456 2128 root:
1509 2058 1542 2112 et
1576 2050 1676 2112 ritum
1710 2063 1896 2129 aeternam,
1936 2052 1993 2115 dat
2026 2052 2125 2115 ctiam
2159 2054 2264 2119 hona.
2282 2054 2496 2140 corporalier

475 2138 635 2207 Domtuus
667 2143 763 2203 votuit
780 2157 851 2203 etot:
873 2146 1053 2203 cottterm.
1108 2135 1222 2200 Darid
1254 2134 1456 2200 horribiliter
1508 2134 1607 2201 Deua
1634 2140 1737 2201 :odeo
1768 2140 1887 2201 lrttttter
1918 2143 2127 2219 tatffersoyea
2159 2143 2301 2218 werden,
2335 2162 2373 2207 to
2406 2163 2498 2210 oros:

473 2222 598 2290 labitur
631 2225 662 2288 iu
696 2221 893 2289 adulterium
922 2236 954 2288 et
988 2221 1222 2301 homicidium,
1260 2233 1294 2286 et
1326 2242 1456 2306 poenae
1508 2240 1585 2291 tout:
1617 2225 1738 2287 lrattett:
1770 2226 1886 2300 habeo,
1918 2232 1979 2288 :ote
2002 2221 2156 2288 Christus
2184 2230 2285 2293 tetdst
2303 2238 2397 2308 rapt:
2430 2232 2499 2295 Sct't

371 2328 374 2335 ·
475 2313 622 2377 indicant
643 2311 901 2396 magnitudinem
934 2307 1052 2394 lapsus
1070 2308 1227 2376 Doridis:
1259 2319 1293 2372 et
1320 2308 1372 2373 sic
1389 2309 1455 2371 sin·
1503 2318 1603 2393 poter
1624 2318 1731 2374 aester
1752 2313 1910 2385 coetcttt'r,
1926 2313 2013 2392 qood
2028 2314 2116 2376 aoht:
2136 2315 2189 2377 hta
2209 2333 2289 2393 opto
2314 2322 2367 2379 ott.
2403 2313 2496 2403 Ergo

474 2397 544 2484 guli
582 2397 744 2462 hahemus
778 2395 951 2480 plurimum
986 2409 1217 2480 peccatorum,
1249 2391 1303 2458 alii
1338 2396 1456 2480 magis,
1508 2392 1581 2458 vult
1598 2391 1693 2460 Deus'
1716 2415 1782 2460 nou
1805 2406 1929 2460 tanturm
1954 2394 2012 2460 illa
2037 2409 2177 2463 aeterua
2210 2397 2375 2466 beneficia
2397 2405 2497 2467 :tobis

473 2481 530 2549 alii
558 2485 665 2548 miuus
697 2483 849 2547 enormia·
875 2495 908 2546 et
931 2484 1124 2565 conspicua.
1168 2481 1234 2545 lsta
1256 2481 1455 2565 cogitantes,
1509 2479 1603 2557 tlare,
1627 2483 1688 2545 sed
1714 2483 1812 2547 etiam
1841 2481 2040 2565 corporalia.
2098 2481 2193 2550 Hauc
2227 2484 2497 2555 consolationem

474 2569 680 2636 dubitamus:
702 2571 861 2635 &suturae
882 2570 960 2634 atto
978 2567 1062 2635 Det?
1100 2572 1152 2634 Do
1173 2573 1314 2633 arttteort
1334 2587 1373 2633 er
1394 2587 1457 2632 tor:
1508 2565 1637 2632 dehetis
1660 2569 1820 2653 cogitare,
1837 2579 1873 2632 ut
1896 2568 2164 2637 consideratione
2179 2568 2268 2636 illius
2280 2577 2497 2641 exsuscitetis

474 2658 539 2733 lrie,
562 2670 594 2720 et
616 2653 811 2720 consolatur
834 2675 910 2732 uos,
931 2656 1100 2740 iuquiens:
1133 2658 1215 2721 Ores
1235 2673 1329 2719 atrae
1350 2673 1457 2719 aorem
1509 2673 1571 2717 vos
1604 2655 1648 2717 ad
1681 2656 1862 2740 gratiarum
1893 2658 2078 2732 actionem:
2116 2660 2227 2745 agatis
2259 2657 2335 2723 Deo
2368 2663 2496 2746 gratias

474 2762 580 2808 otram
608 2745 762 2808 orttit'uot:
798 2744 985 2827 quicunque
1013 2742 1149 2806 audiunt
1180 2759 1286 2805 :neam
1328 2760 1457 2819 vocem,
1507 2760 1569 2822 pru
1591 2740 1665 2804 istis
1688 2741 1869 2820 betrcticiis,
1893 2753 1926 2805 et
1948 2746 2086 2827 petatis,
2117 2757 2154 2808 ut
2181 2764 2246 2810 vos
2269 2745 2406 2826 doceat,
2427 2770 2497 2814 non

473 2849 675 2917 quamquam
696 2831 764 2894 sint
786 2825 884 2913 lapsi,
906 2840 1017 2894 morea
1028 2846 1093 2914 ego
1105 2846 1224 2895 rursus
1241 2826 1366 2912 erigam
1383 2846 1455 2893 eos.
1508 2826 1596 2890 sinat
1608 2827 1754 2913 extingui
1770 2847 1884 2892 vocem
1896 2847 2004 2906 suant,
2016 2840 2138 2915 augeat
2146 2831 2261 2911 tidem,
2273 2845 2306 2896 et
2319 2844 2496 2899 convertat

1508 2932 1571 2997 uos
1590 2913 1633 2977 ad
1656 2931 1705 2977 sc.
1739 2912 1893 2979 Christus
1908 2916 2000 2979 addit
2018 2919 2197 2981 rationem:
2219 2939 2324 3000 quare
2338 2922 2496 2989 ltt’ttdolut

1170 3056 1179 3073 ,
1508 3017 1568 3064 aas
1588 3019 1654 3065 ooo
1671 3008 1781 3085 portt't
1809 3021 1852 3068 et:
1871 3003 2022 3069 :namtas
2052 3010 2123 3070 eoa
2144 3013 2288 3089 ertpere,
2322 3016 2357 3073 et
2387 3017 2496 3075 eatur-

666 3056 802 3147 Proba
832 3068 1099 3168 pertextam
1129 3056 1263 3140 altum.
1507 3103 1616 3168 quere,

558 3242 1757 3344 hwfflmmmmmffif.'

472 3356 506 3412 ct
526 3345 653 3410 amissa
675 3366 752 3425 una,
780 3340 938 3429 relinquit
960 3344 1004 3408 ba
1025 3345 1058 3408 io
1081 3345 1234 3422 deserto,
1264 3356 1298 3408 et
1328 3346 1458 3430 quaerit

471 3451 571 3501 uttam
603 3432 711 3497 istam.
773 3430 849 3495 Nou
883 3431 1089 3515 disputamus
1120 3432 1185 3495 iam
1218 3430 1261 3494 tle
1294 3427 1456 3496 electione
1996 3476 1999 3482 -

386 3588 388 3593 ,
471 3531 508 3585 et
528 3517 840 3603 praedestinatione.
894 3515 957 3596 Tu,
991 3519 1021 3581 si
1053 3518 1149 3583 audis
1171 3536 1290 3582 vocem
1318 3515 1455 3597 Christi,
1511 3485 1594 3561 0⁰¹⁰
1613 3503 1672 3566 ⁸9⁰
1697 3492 1734 3551 εἰ
1752 3493 1848 3571 '’m''
1875 3506 2115 3593 fumstfmm
2164 3492 2219 3555 Μ
2239 3498 2316 3573 ⁸⁰9²
2340 3511 2381 3559 θ’·
2408 3495 2492 3599 Q:

471 3625 511 3671 ω
533 3600 673 3670 electus·
729 3602 766 3668 sq
800 3622 867 3668 „on
901 3604 953 3668 vqs
985 3603 1101 3668 „Upim
1128 3605 1242 3683 istam,
1275 3623 1313 3669 es
1347 3602 1455 3669 husus
1508 3572 1598 3655 quod
1622 3570 1745 3638 habeat
1766 3587 1944 3660 poteotram
1967 3575 2120 3641 diurnam.
2180 3577 2283 3643 Utrum
2304 3598 2427 3663 atauo,
2458 3580 2491 3646 td

472 3689 613 3768 Christi,
650 3703 684 3755 et
711 3710 778 3754 uon
818 3687 924 3755 hahes
963 3690 1194 3754 remissionem
1228 3701 1454 3775 peccatorum,
1508 3669 1572 3736 ‘⁵⁸’
1595 3661 1743 3725 ‘mmm
1766 3663 1986 3765 ⁶¹..¹'.⁰⁸⁰¹¹¹3⁸3
2020 3674 2054 3726 εἰ
2078 3674 2189 3728 mmm
2211 3677 2292 3769 ⁸⁰¹¹}
2314 3666 2490 3732 *ἥψω

470 3777 640 3856 iustitiam,
661 3777 872 3843 donationem
883 3776 1026 3928 Spiritus
1039 3778 1157 3854 sancti,
1181 3782 1213 3841 et
1231 3780 1330 3844 vitam
1348 3792 1454 3844 aeter·
1507 3764 1692 3827 P⁰¹⁸⁰¹¹¹¹⁰3
1725 3757 1760 3811 εἴ
1784 3746 1905 3827 hhus’
1938 3767 2008 3814 '¹⁰¹¹
2029 3747 2131 3816 Pater
2151 3764 2294 3817 “sumn
2315 3750 2490 3820 humanam

471 3884 558 3929 acm.
613 3860 668 3928 Dc
699 3862 766 3927 hoc
798 3884 864 3928 uon
923 3865 1059 3928 abemus
1093 3864 1261 3930 dubitare:
1295 3866 1372 3951 quia
1401 3878 1454 3930 est
1506 3842 1687 3935 natm,

470 3944 777 4015 manifestissimum
806 3949 994 4014 mandatum
1015 3947 1099 4027 Dei,
1125 3951 1295 4033 pertinens
1323 3954 1453 4016 uuiver-

471 4033 589 4100 sulitei
610 4036 653 4101 ad
676 4054 805 4115 omnes,
828 4047 865 4099 ut
892 4034 1064 4100 audiamus
1086 4033 1316 4121 Evangelium.
1359 4037 1452 4103 Abii·

471 4122 610 4187 ciendae
643 4140 726 4208 ergo
758 4131 837 4186 suut
872 4122 956 4185 istae
990 4119 1126 4187 Stoicae
1159 4124 1352 4207 opiniones:
1384 4128 1471 4206 epa

470 4215 591 4285 nacto,
624 4229 669 4273 oo
696 4212 761 4273 elon
784 4216 819 4274 to
838 4209 966 4274 t'ttorum
988 4227 1139 4285 trainae,
1168 4229 1247 4292 quor
1267 4210 1361 4277 Deus
1388 4216 1456 4278 out:

471 4300 620 4362 romare:
649 4297 716 4372 Eoo
736 4314 808 4360 eota
828 4304 990 4377 peccator.
1039 4295 1258 4383 Nequaquam
1285 4298 1335 4361 sic
1363 4299 1451 4386 cogi·

471 4382 606 4446 torulum
629 4391 690 4446 εει
747 4379 827 4445 Vult
862 4380 952 4446 Deus
986 4393 1019 4446 tc
1052 4394 1144 4447 certo
1167 4395 1328 4463 statuere,
1361 4386 1452 4470 quod

1912 3224 2084 3396 Quare?
2143 3427 2148 3435 Ι

1501 4060 1589 4147 'Ubi
1635 4073 1699 4146 cst
1733 4074 2004 4150 monstratum
2043 4069 2258 4155 discrimen
2295 4102 2488 4186 persona·
2574 4184 2580 4197 ‚

1786 4215 1877 4269 :um
1914 4189 1956 4275 iu
1993 4190 2206 4276 trinitate?

1591 4382 1627 4449 lo
1649 4383 1821 4472 Baptismo
1844 4387 1986 4472 Christi,
2017 4405 2052 4459 et
2073 4395 2106 4461 io
2128 4394 2297 4465 lohaoue:
2330 4403 2372 4467 Io
2397 4407 2489 4486 prta·

470 4465 599 4532 habeas
637 4467 866 4532 remissionem
905 4480 1146 4552 peccatorum,
1186 4470 1234 4534 sis
1270 4474 1452 4537 :uoutbrom
1504 4468 1588 4554 cipio
1616 4480 1690 4537 erot
1727 4478 1874 4544 verdum:
1916 4488 1949 4545 et
1988 4483 2118 4547 verdum
2155 4503 2234 4550 coro
2262 4492 2393 4568 foetum
2432 4500 2489 4555 eet
2548 4518 2551 4525 ’

470 4551 659 4632 Ecclesiae,
686 4550 814 4618 haheat:
837 4554 994 4639 Spiritum
1016 4568 1185 4633 sanctum:
1215 4557 1303 4622 sicut
1331 4559 1451 4642 iuquit:
1506 4555 1605 4621 Pater
1637 4578 1704 4623 ooo
1738 4575 1791 4626 est
1818 4561 1927 4629 lactus
1946 4586 2041 4640 caro,
2075 4572 2150 4635 :leot
2170 4573 2250 4651 :litto
2271 4593 2406 4641 :norrea
2428 4583 2490 4642 :atr

473 4640 597 4718 Quarto
617 4647 722 4723 moui:
733 4638 835 4707 Pater
851 4646 999 4708 coeterae
1014 4642 1104 4707 dolat
1125 4645 1284 4726 Spiritum
1304 4650 1463 4711 tanetum
1506 4647 1746 4712 tuatutencten.
1792 4652 1845 4714 Do
1865 4671 1933 4716 atto
1951 4650 2104 4718 Christus
2126 4662 2197 4723 otro
2217 4669 2299 4741 rapt,
2330 4663 2423 4747 quod
2447 4663 2491 4726 sit

467 4727 663 4812 petentibus.
724 4727 781 4792 Sic
803 4727 929 4806 David,
962 4749 1162 4814 quamquam
1197 4726 1313 4814 lapsus
1347 4730 1453 4795 horri-
1505 4728 1662 4810 Messius,
1683 4737 1730 4799 tta
1751 4739 1882 4802 werden
1903 4747 1953 4804 ate
1970 4760 2034 4821 por
2054 4747 2119 4809 tott.
2156 4742 2329 4831 Cogitant:
2355 4746 2490 4828 Dicere,

471 4811 592 4890 hiliter,
615 4827 723 4878 tamen
746 4814 842 4902 erigit
864 4835 903 4879 se
920 4834 1002 4879 uoce
1016 4814 1214 4900 Prophetae,
1236 4838 1309 4881 cum
1332 4817 1452 4902 lnquit:
1506 4819 1596 4902 quod
1629 4815 1684 4884 illc
1716 4819 1816 4884 homo
1849 4824 2007 4905 visibilis,
2041 4830 2084 4894 sit
2110 4849 2211 4895 unum
2246 4846 2322 4899 cum
2350 4847 2489 4900 aeterno

470 4898 633 4967 Domt'mtt
665 4900 801 4968 obstulit
826 4909 996 4985 peceatum
1029 4909 1126 4969 touta.
1182 4901 1288 4968 litium
1321 4917 1452 4990 postea,
1505 4915 1612 4989 patre,
1644 4916 1698 4969 est
1730 4926 1860 4972 suntme
1884 4909 2100 4994 blasphemia.
2135 4915 2225 4981 Sicut
2253 4917 2366 4984 adhuc
2388 4919 2491 4987 hodic

471 5006 546 5051 cunt
570 4989 628 5054 dat
650 5007 777 5073 poettas
800 4999 834 5053 ct
855 4987 1076 5068 horribiliter,
1106 4992 1153 5054 ita
1175 5001 1209 5055 ut
1231 5009 1296 5054 uon
1322 4992 1454 5075 possint
1507 4991 1728 5076 imaginantur
1756 4993 1886 5075 ludaei,
1919 4996 2027 5064 Deum
2061 5000 2287 5069 essentialiter
2313 5026 2396 5072 esse
2418 5021 2492 5073 tau·

470 5076 550 5138 esse
571 5071 658 5138 aliae
681 5075 865 5153 tristiores,
897 5077 942 5140 tia
973 5077 1033 5142 hot
1053 5096 1090 5142 er
1115 5079 1169 5142 dte
1187 5074 1454 5145 consolationem
1506 5089 1573 5142 tum
1606 5098 1705 5143 unam
1738 5101 1927 5167 personam.
1982 5090 2035 5152 Do
2066 5091 2170 5155 trabea
2200 5097 2251 5156 rte
2276 5100 2337 5158 :ntt
2358 5097 2488 5162 rteineo

467 5163 530 5242 sttr
550 5181 666 5244 aurea,
687 5165 741 5230 dt'e
760 5163 815 5230 tte
835 5164 957 5229 rteltet:
978 5159 1086 5230 Nemo
1105 5170 1223 5248 raptet.
1504 5172 1728 5248 sumersete,
1760 5181 1793 5233 ct
1825 5170 1939 5235 dicunt
1970 5172 2058 5238 hauc
2080 5196 2157 5241 esse
2189 5197 2361 5244 caussam:
2396 5186 2490 5248 t'act:

1505 5259 1538 5317 te
1559 5255 1671 5319 Beato.
1726 5251 1802 5338 lpse
1829 5258 1968 5340 opponit
2000 5271 2139 5326 textum:
2176 5266 2295 5331 lamen
2312 5267 2491 5352 Scriptura

1505 5344 1717 5420 otoor'rtrotor
1738 5352 1829 5408 oocot
1849 5348 1942 5412 deor.
1986 5344 2034 5412 lbi
2056 5345 2136 5414 facit
2158 5349 2377 5419 differentiam
2404 5357 2489 5420 iuter

1504 5443 1555 5502 se,
1577 5436 1610 5488 et
1631 5423 1715 5491 alios
1737 5425 1907 5495 homiues:
1934 5444 1969 5498 et
1990 5446 2043 5498 est
2063 5448 2292 5523 argouteotum
2315 5459 2336 5505 a
2359 5437 2490 5507 touton

1503 5525 1682 5664 quipptum.
1751 5513 1917 5585 Divinitas
1963 5521 2063 5588 ctiam
2105 5525 2226 5591 dicitur
2257 5522 2414 5594 hahitare
2455 5532 2491 5594 ia

1531 5619 1553 5664 a
1587 5618 1619 5669 ο.

709 5390 788 5474 De
828 5394 1022 5478 tertio
1065 5393 1210 5480 loco.

555 5594 639 5660 laet
656 5595 737 5662 euch
756 5543 822 5663 deo
841 5593 963 5680 :procl
988 5599 1072 5664 euro
1093 5594 1177 5664 aaa
1201 5597 1330 5682 desem
1350 5616 1453 5684 repo:
