<?xml version="1.0" encoding="UTF-8"?>
<!DOCTYPE html PUBLIC "-//W3C//DTD XHTML 1.0 Transitional//EN"
    "http://www.w3.org/TR/xhtml1/DTD/xhtml1-transitional.dtd">
<html xmlns="http://www.w3.org/1999/xhtml" xml:lang="en" lang="en">
 <head>
  <title>
</title>
<meta http-equiv="Content-Type" content="text/html;charset=utf-8" />
  <meta name='ocr-system' content='tesseract 3.04.00' />
  <meta name='ocr-capabilities' content='ocr_page ocr_carea ocr_par ocr_line ocrx_word'/>
</head>
<body>
  <div class='ocr_page' id='page_1' title='image "./philippimelanth06melagoog/philippimelanth06melagoog_0470.png"; bbox 0 0 5934 6709; ppageno 0'>
   <div class='ocr_carea' id='block_1_1' title="bbox 329 593 2566 737">
    <p class='ocr_par' dir='ltr' id='par_1_1' title="bbox 329 593 2566 737">
     <span class='ocr_line' id='line_1_1' title="bbox 329 593 2566 737; baseline 0 -19"><span class='ocrx_word' id='word_1_1' title='bbox 329 679 331 682; x_wconf 93' lang='lat'>-</span> <span class='ocrx_word' id='word_1_2' title='bbox 475 646 546 718; x_wconf 76' lang='lat' dir='ltr'>aaa</span> <span class='ocrx_word' id='word_1_3' title='bbox 922 695 935 720; x_wconf 71' lang='grc'>,</span> <span class='ocrx_word' id='word_1_4' title='bbox 1048 607 1875 721; x_wconf 59' lang='lat' dir='ltr'>&#39;rnmuauscrttrrauxsoamoa</span> <span class='ocrx_word' id='word_1_5' title='bbox 2304 625 2307 628; x_wconf 72' lang='grc'>’</span> <span class='ocrx_word' id='word_1_6' title='bbox 2429 593 2566 737; x_wconf 75' lang='lat' dir='ltr'>aas</span> 
     </span>
    </p>
   </div>
   <div class='ocr_carea' id='block_1_2' title="bbox 475 837 2557 3508">
    <p class='ocr_par' dir='ltr' id='par_1_2' title="bbox 475 837 2557 3508">
     <span class='ocr_line' id='line_1_2' title="bbox 476 837 2079 909; baseline -0.002 -1"><span class='ocrx_word' id='word_1_7' title='bbox 476 841 544 908; x_wconf 86' lang='lat' dir='ltr'>nisi</span> <span class='ocrx_word' id='word_1_8' title='bbox 565 837 722 906; x_wconf 87' lang='lat' dir='ltr'>divinitus</span> <span class='ocrx_word' id='word_1_9' title='bbox 754 850 963 906; x_wconf 82' lang='lat' dir='ltr'>sustentatas</span> <span class='ocrx_word' id='word_1_10' title='bbox 991 849 1094 908; x_wconf 81' lang='lat' dir='ltr'>essee</span> <span class='ocrx_word' id='word_1_11' title='bbox 1138 839 1220 906; x_wconf 89' lang='lat' dir='ltr'>ltem</span> <span class='ocrx_word' id='word_1_12' title='bbox 1252 843 1358 908; x_wconf 89' lang='lat' dir='ltr'>maior</span> <span class='ocrx_word' id='word_1_13' title='bbox 1378 853 1459 909; x_wconf 86' lang='lat' dir='ltr'>nata</span> <span class='ocrx_word' id='word_1_14' title='bbox 1915 839 2079 906; x_wconf 85' lang='lat' dir='ltr'>ilbiectio.</span> 
     </span>
     <span class='ocr_line' id='line_1_3' title="bbox 476 923 2502 1028; baseline 0 -35"><span class='ocrx_word' id='word_1_15' title='bbox 476 927 610 1012; x_wconf 77' lang='lat' dir='ltr'>attingit</span> <span class='ocrx_word' id='word_1_16' title='bbox 643 945 782 991; x_wconf 72' lang='lat' dir='ltr'>morem</span> <span class='ocrx_word' id='word_1_17' title='bbox 813 927 928 1011; x_wconf 86' lang='lat' dir='ltr'>patris.</span> <span class='ocrx_word' id='word_1_18' title='bbox 972 930 1054 994; x_wconf 85' lang='lat' dir='ltr'>item</span> <span class='ocrx_word' id='word_1_19' title='bbox 1071 945 1133 1012; x_wconf 87' lang='lat' dir='ltr'>per</span> <span class='ocrx_word' id='word_1_20' title='bbox 1153 923 1305 995; x_wconf 78' lang='lat' dir='ltr'>fraudem</span> <span class='ocrx_word' id='word_1_21' title='bbox 1325 927 1459 994; x_wconf 86' lang='lat' dir='ltr'>interle-</span> <span class='ocrx_word' id='word_1_22' title='bbox 1643 961 1787 1027; x_wconf 57' lang='lat' dir='ltr'>epm,</span> <span class='ocrx_word' id='word_1_23' title='bbox 1815 960 1913 1022; x_wconf 54' lang='lat' dir='ltr'>apd„</span> <span class='ocrx_word' id='word_1_24' title='bbox 1940 959 2014 1022; x_wconf 65' lang='lat' dir='ltr'>Nm,</span> <span class='ocrx_word' id='word_1_25' title='bbox 2042 961 2112 1020; x_wconf 61' lang='lat' dir='ltr'>m·</span> <span class='ocrx_word' id='word_1_26' title='bbox 2136 959 2256 1025; x_wconf 61' lang='lat' dir='ltr'>„pm</span> <span class='ocrx_word' id='word_1_27' title='bbox 2284 957 2383 1024; x_wconf 49' lang='grc' dir='ltr'>ἨΜ</span> <span class='ocrx_word' id='word_1_28' title='bbox 2436 962 2502 1028; x_wconf 57' lang='lat' dir='ltr'>„a</span> 
     </span>
     <span class='ocr_line' id='line_1_4' title="bbox 479 981 2401 1109; baseline 0.001 -30"><span class='ocrx_word' id='word_1_29' title='bbox 479 1025 599 1080; x_wconf 89' lang='lat' dir='ltr'>cerunt</span> <span class='ocrx_word' id='word_1_30' title='bbox 620 1012 751 1078; x_wconf 85' lang='lat' dir='ltr'>vicinos</span> <span class='ocrx_word' id='word_1_31' title='bbox 771 1012 876 1079; x_wconf 85' lang='lat' dir='ltr'>cives.</span> <span class='ocrx_word' id='word_1_32' title='bbox 920 1010 1016 1079; x_wconf 85' lang='lat' dir='ltr'>Talia</span> <span class='ocrx_word' id='word_1_33' title='bbox 1035 1009 1168 1080; x_wconf 89' lang='lat' dir='ltr'>scelera</span> <span class='ocrx_word' id='word_1_34' title='bbox 1196 1013 1319 1080; x_wconf 85' lang='lat' dir='ltr'>fiebant</span> <span class='ocrx_word' id='word_1_35' title='bbox 1337 1015 1371 1079; x_wconf 93' lang='lat' dir='ltr'>in</span> <span class='ocrx_word' id='word_1_36' title='bbox 1393 1015 1459 1080; x_wconf 90' lang='lat' dir='ltr'>ista</span> <span class='ocrx_word' id='word_1_37' title='bbox 1495 1088 1504 1101; x_wconf 19' lang='lat' dir='ltr'>p</span> <span class='ocrx_word' id='word_1_38' title='bbox 1691 1049 1699 1067; x_wconf 60' lang='grc' dir='ltr'><strong><em>ο</em></strong></span> <span class='ocrx_word' id='word_1_39' title='bbox 1749 1047 1820 1109; x_wconf 47' lang='grc' dir='ltr'>ιω</span> <span class='ocrx_word' id='word_1_40' title='bbox 2312 981 2336 1043; x_wconf 71' lang='lat'><strong><em>9</em></strong></span> <span class='ocrx_word' id='word_1_41' title='bbox 2390 1007 2401 1042; x_wconf 89' lang='lat'>’</span> 
     </span>
     <span class='ocr_line' id='line_1_5' title="bbox 479 1068 2265 1198; baseline 0.002 -34"><span class='ocrx_word' id='word_1_42' title='bbox 479 1111 599 1164; x_wconf 85' lang='lat' dir='ltr'>sancta</span> <span class='ocrx_word' id='word_1_43' title='bbox 619 1094 755 1178; x_wconf 79' lang='lat' dir='ltr'>familia,</span> <span class='ocrx_word' id='word_1_44' title='bbox 776 1111 810 1162; x_wconf 90' lang='lat' dir='ltr'>et</span> <span class='ocrx_word' id='word_1_45' title='bbox 830 1110 942 1165; x_wconf 89' lang='lat' dir='ltr'>tamen</span> <span class='ocrx_word' id='word_1_46' title='bbox 963 1101 998 1164; x_wconf 93' lang='lat' dir='ltr'>in</span> <span class='ocrx_word' id='word_1_47' title='bbox 1019 1095 1078 1165; x_wconf 86' lang='lat' dir='ltr'>illa</span> <span class='ocrx_word' id='word_1_48' title='bbox 1099 1111 1218 1166; x_wconf 86' lang='lat' dir='ltr'>sancta</span> <span class='ocrx_word' id='word_1_49' title='bbox 1241 1099 1365 1167; x_wconf 82' lang='lat' dir='ltr'>familia</span> <span class='ocrx_word' id='word_1_50' title='bbox 1387 1113 1461 1167; x_wconf 87' lang='lat' dir='ltr'>erat</span> <span class='ocrx_word' id='word_1_51' title='bbox 1641 1068 1793 1195; x_wconf 53' lang='lat' dir='ltr'>symm,</span> <span class='ocrx_word' id='word_1_52' title='bbox 1815 1132 1959 1198; x_wconf 51' lang='lat' dir='ltr'>popm,</span> <span class='ocrx_word' id='word_1_53' title='bbox 1980 1131 2265 1195; x_wconf 53' lang='lat' dir='ltr'>drmmm.</span> 
     </span>
     <span class='ocr_line' id='line_1_6' title="bbox 479 1177 2263 1302; baseline 0.002 -52"><span class='ocrx_word' id='word_1_54' title='bbox 479 1182 634 1251; x_wconf 75' lang='lat' dir='ltr'><strong>Ecclesia</strong></span> <span class='ocrx_word' id='word_1_55' title='bbox 654 1183 740 1260; x_wconf 84' lang='lat' dir='ltr'>Dei;</span> <span class='ocrx_word' id='word_1_56' title='bbox 773 1184 820 1248; x_wconf 91' lang='lat' dir='ltr'>ita</span> <span class='ocrx_word' id='word_1_57' title='bbox 851 1204 941 1251; x_wconf 89' lang='lat' dir='ltr'>nunc</span> <span class='ocrx_word' id='word_1_58' title='bbox 973 1206 1105 1272; x_wconf 86' lang='lat' dir='ltr'>quoque</span> <span class='ocrx_word' id='word_1_59' title='bbox 1126 1197 1241 1252; x_wconf 83' lang='lat' dir='ltr'>servat</span> <span class='ocrx_word' id='word_1_60' title='bbox 1260 1185 1457 1254; x_wconf 84' lang='lat' dir='ltr'>Ecclesiam.</span> <span class='ocrx_word' id='word_1_61' title='bbox 1641 1218 1730 1302; x_wconf 54' lang='lat' dir='ltr'>Em„</span> <span class='ocrx_word' id='word_1_62' title='bbox 1752 1219 1806 1281; x_wconf 50' lang='grc' dir='ltr'>[ω</span> <span class='ocrx_word' id='word_1_63' title='bbox 1827 1227 1873 1280; x_wconf 62' lang='lat'>„2</span> <span class='ocrx_word' id='word_1_64' title='bbox 1891 1217 2021 1281; x_wconf 44' lang='lat' dir='ltr'>,boh-,4</span> <span class='ocrx_word' id='word_1_65' title='bbox 2253 1177 2263 1196; x_wconf 73' lang='lat'><em>⁶</em></span> 
     </span>
     <span class='ocr_line' id='line_1_7' title="bbox 479 1269 1878 1356; baseline 0.001 -19"><span class='ocrx_word' id='word_1_66' title='bbox 479 1269 650 1339; x_wconf 79' lang='lat' dir='ltr'><strong>Habemus</strong></span> <span class='ocrx_word' id='word_1_67' title='bbox 676 1270 919 1356; x_wconf 75' lang='lat' dir='ltr'><strong>promissiones</strong></span> <span class='ocrx_word' id='word_1_68' title='bbox 950 1269 1164 1356; x_wconf 68' lang='lat' dir='ltr'><strong>corporales,</strong></span> <span class='ocrx_word' id='word_1_69' title='bbox 1195 1274 1283 1340; x_wconf 89' lang='lat' dir='ltr'>sicut</span> <span class='ocrx_word' id='word_1_70' title='bbox 1304 1271 1460 1339; x_wconf 83' lang='lat' dir='ltr'>Christus</span> <span class='ocrx_word' id='word_1_71' title='bbox 1876 1321 1878 1324; x_wconf 88' lang='lat'>-</span> 
     </span>
     <span class='ocr_line' id='line_1_8' title="bbox 481 1351 2497 1443; baseline 0 -19"><span class='ocrx_word' id='word_1_72' title='bbox 481 1357 576 1423; x_wconf 72' lang='lat' dir='ltr'>dicite</span> <span class='ocrx_word' id='word_1_73' title='bbox 607 1356 710 1418; x_wconf 81' lang='lat' dir='ltr'>Pater</span> <span class='ocrx_word' id='word_1_74' title='bbox 741 1376 825 1418; x_wconf 76' lang='lat' dir='ltr'>meus</span> <span class='ocrx_word' id='word_1_75' title='bbox 857 1361 930 1429; x_wconf 84' lang='lat' dir='ltr'>ecit,</span> <span class='ocrx_word' id='word_1_76' title='bbox 958 1359 1068 1438; x_wconf 73' lang='lat' dir='ltr'>paidos</span> <span class='ocrx_word' id='word_1_77' title='bbox 1095 1358 1186 1421; x_wconf 79' lang='lat' dir='ltr'>rebus</span> <span class='ocrx_word' id='word_1_78' title='bbox 1208 1380 1289 1441; x_wconf 79' lang='lat' dir='ltr'>opus</span> <span class='ocrx_word' id='word_1_79' title='bbox 1308 1359 1461 1425; x_wconf 75' lang='lat' dir='ltr'>debeatis.</span> <span class='ocrx_word' id='word_1_80' title='bbox 1599 1355 1813 1443; x_wconf 83' lang='lat' dir='ltr'>Respondeo.</span> <span class='ocrx_word' id='word_1_81' title='bbox 1857 1354 1907 1421; x_wconf 84' lang='lat' dir='ltr'>lia</span> <span class='ocrx_word' id='word_1_82' title='bbox 1936 1352 2038 1421; x_wconf 84' lang='lat' dir='ltr'>solvit</span> <span class='ocrx_word' id='word_1_83' title='bbox 2067 1351 2221 1420; x_wconf 82' lang='lat' dir='ltr'>Christus</span> <span class='ocrx_word' id='word_1_84' title='bbox 2253 1351 2266 1418; x_wconf 88' lang='grc' dir='ltr'>Ι</span> <span class='ocrx_word' id='word_1_85' title='bbox 2330 1378 2381 1436; x_wconf 80' lang='grc' dir='ltr'>ιιι,</span> <span class='ocrx_word' id='word_1_86' title='bbox 2440 1357 2497 1424; x_wconf 81' lang='lat' dir='ltr'>ula</span> 
     </span>
     <span class='ocr_line' id='line_1_9' title="bbox 480 1375 2499 1530; baseline -0 -22"><span class='ocrx_word' id='word_1_87' title='bbox 480 1441 712 1508; x_wconf 72' lang='lat' dir='ltr'>ltemzNotite</span> <span class='ocrx_word' id='word_1_88' title='bbox 737 1440 963 1505; x_wconf 68' lang='lat' dir='ltr'>sollicitune</span> <span class='ocrx_word' id='word_1_89' title='bbox 991 1456 1056 1510; x_wconf 89' lang='lat' dir='ltr'>etc.</span> <span class='ocrx_word' id='word_1_90' title='bbox 1102 1442 1256 1510; x_wconf 84' lang='lat' dir='ltr'>Christus</span> <span class='ocrx_word' id='word_1_91' title='bbox 1284 1445 1377 1511; x_wconf 90' lang='lat' dir='ltr'>iubet</span> <span class='ocrx_word' id='word_1_92' title='bbox 1404 1467 1462 1508; x_wconf 79' lang='lat' dir='ltr'>ace</span> <span class='ocrx_word' id='word_1_93' title='bbox 1512 1440 1669 1529; x_wconf 85' lang='lat' dir='ltr'>implevit.</span> <span class='ocrx_word' id='word_1_94' title='bbox 1697 1375 2349 1530; x_wconf 58' lang='lat' dir='ltr'>impletautemlegemquatuormtllilr</span> <span class='ocrx_word' id='word_1_95' title='bbox 2371 1379 2499 1518; x_wconf 55' lang='lat' dir='ltr'>banis</span> 
     </span>
     <span class='ocr_line' id='line_1_10' title="bbox 478 1524 2496 1615; baseline 0.003 -26"><span class='ocrx_word' id='word_1_96' title='bbox 478 1529 589 1612; x_wconf 71' lang='lat' dir='ltr'>petere</span> <span class='ocrx_word' id='word_1_97' title='bbox 611 1549 727 1610; x_wconf 77' lang='lat' dir='ltr'>punem</span> <span class='ocrx_word' id='word_1_98' title='bbox 746 1529 973 1611; x_wconf 75' lang='lat' dir='ltr'>quotidimace.</span> <span class='ocrx_word' id='word_1_99' title='bbox 1024 1529 1122 1598; x_wconf 83' lang='lat' dir='ltr'>Item:</span> <span class='ocrx_word' id='word_1_100' title='bbox 1151 1531 1300 1602; x_wconf 79' lang='lat' dir='ltr'>Quaerite</span> <span class='ocrx_word' id='word_1_101' title='bbox 1328 1535 1463 1613; x_wconf 75' lang='lat' dir='ltr'>primm</span> <span class='ocrx_word' id='word_1_102' title='bbox 1513 1530 1588 1614; x_wconf 90' lang='lat' dir='ltr'>ipse</span> <span class='ocrx_word' id='word_1_103' title='bbox 1610 1527 1757 1615; x_wconf 80' lang='lat' dir='ltr'>perfecte</span> <span class='ocrx_word' id='word_1_104' title='bbox 1778 1539 1927 1614; x_wconf 75' lang='lat' dir='ltr'>praestat</span> <span class='ocrx_word' id='word_1_105' title='bbox 1948 1527 2180 1605; x_wconf 83' lang='lat' dir='ltr'>obedientiam,</span> <span class='ocrx_word' id='word_1_106' title='bbox 2202 1526 2245 1593; x_wconf 91' lang='lat' dir='ltr'>de</span> <span class='ocrx_word' id='word_1_107' title='bbox 2267 1548 2335 1614; x_wconf 88' lang='lat' dir='ltr'>qua</span> <span class='ocrx_word' id='word_1_108' title='bbox 2349 1524 2406 1593; x_wconf 85' lang='lat' dir='ltr'>lex</span> <span class='ocrx_word' id='word_1_109' title='bbox 2417 1551 2496 1595; x_wconf 88' lang='lat' dir='ltr'>con·</span> 
     </span>
     <span class='ocr_line' id='line_1_11' title="bbox 479 1608 2521 1702; baseline 0.002 -25"><span class='ocrx_word' id='word_1_110' title='bbox 479 1635 611 1698; x_wconf 72' lang='lat' dir='ltr'>repetam</span> <span class='ocrx_word' id='word_1_111' title='bbox 631 1613 707 1686; x_wconf 85' lang='lat' dir='ltr'>Dei,</span> <span class='ocrx_word' id='word_1_112' title='bbox 730 1614 855 1678; x_wconf 76' lang='lat' dir='ltr'>sidaec</span> <span class='ocrx_word' id='word_1_113' title='bbox 876 1620 981 1677; x_wconf 81' lang='lat' dir='ltr'>omnio</span> <span class='ocrx_word' id='word_1_114' title='bbox 1002 1617 1193 1680; x_wconf 70' lang='lat' dir='ltr'>adiicientes</span> <span class='ocrx_word' id='word_1_115' title='bbox 1213 1619 1310 1680; x_wconf 78' lang='lat' dir='ltr'>cebir.</span> <span class='ocrx_word' id='word_1_116' title='bbox 1516 1616 1678 1694; x_wconf 89' lang='lat' dir='ltr'>cionatur,</span> <span class='ocrx_word' id='word_1_117' title='bbox 1700 1616 1778 1702; x_wconf 86' lang='lat' dir='ltr'>qnia</span> <span class='ocrx_word' id='word_1_118' title='bbox 1799 1611 1877 1680; x_wconf 88' lang='lat' dir='ltr'>telis</span> <span class='ocrx_word' id='word_1_119' title='bbox 1899 1625 1962 1693; x_wconf 85' lang='lat' dir='ltr'>est,</span> <span class='ocrx_word' id='word_1_120' title='bbox 1983 1613 2056 1699; x_wconf 83' lang='lat' dir='ltr'>lpse</span> <span class='ocrx_word' id='word_1_121' title='bbox 2078 1625 2131 1678; x_wconf 86' lang='lat' dir='ltr'>est</span> <span class='ocrx_word' id='word_1_122' title='bbox 2147 1608 2236 1679; x_wconf 77' lang='lat' dir='ltr'>filius</span> <span class='ocrx_word' id='word_1_123' title='bbox 2257 1625 2292 1681; x_wconf 81' lang='lat' dir='ltr'>et</span> <span class='ocrx_word' id='word_1_124' title='bbox 2312 1615 2425 1702; x_wconf 68' lang='lat' dir='ltr'>hungo</span> <span class='ocrx_word' id='word_1_125' title='bbox 2439 1636 2496 1700; x_wconf 82' lang='lat' dir='ltr'>pa·</span> <span class='ocrx_word' id='word_1_126' title='bbox 2519 1623 2521 1626; x_wconf 78' lang='grc'><strong>’</strong></span> 
     </span>
     <span class='ocr_line' id='line_1_12' title="bbox 567 1698 2496 1810; baseline -0.001 -43"><span class='ocrx_word' id='word_1_127' title='bbox 567 1701 632 1767; x_wconf 85' lang='lat' dir='ltr'>llic</span> <span class='ocrx_word' id='word_1_128' title='bbox 654 1701 795 1766; x_wconf 72' lang='lat' dir='ltr'>traditur</span> <span class='ocrx_word' id='word_1_129' title='bbox 816 1703 916 1768; x_wconf 87' lang='lat' dir='ltr'>etiarn</span> <span class='ocrx_word' id='word_1_130' title='bbox 938 1703 1091 1769; x_wconf 88' lang='lat' dir='ltr'>doctrina</span> <span class='ocrx_word' id='word_1_131' title='bbox 1112 1704 1155 1769; x_wconf 91' lang='lat' dir='ltr'>de</span> <span class='ocrx_word' id='word_1_132' title='bbox 1172 1701 1261 1792; x_wconf 78' lang='lat' dir='ltr'>lege,</span> <span class='ocrx_word' id='word_1_133' title='bbox 1272 1705 1362 1810; x_wconf 75' lang='lat' dir='ltr'>(prod</span> <span class='ocrx_word' id='word_1_134' title='bbox 1374 1703 1462 1770; x_wconf 85' lang='lat' dir='ltr'>iilius</span> <span class='ocrx_word' id='word_1_135' title='bbox 1515 1704 1588 1780; x_wconf 79' lang='lat' dir='ltr'>tris,</span> <span class='ocrx_word' id='word_1_136' title='bbox 1615 1703 1647 1766; x_wconf 89' lang='lat' dir='ltr'>in</span> <span class='ocrx_word' id='word_1_137' title='bbox 1670 1723 1736 1788; x_wconf 89' lang='lat' dir='ltr'>qua</span> <span class='ocrx_word' id='word_1_138' title='bbox 1764 1698 1853 1766; x_wconf 87' lang='lat' dir='ltr'>lucet</span> <span class='ocrx_word' id='word_1_139' title='bbox 1881 1701 2044 1785; x_wconf 85' lang='lat' dir='ltr'>sapientia</span> <span class='ocrx_word' id='word_1_140' title='bbox 2073 1711 2107 1764; x_wconf 84' lang='lat' dir='ltr'>et</span> <span class='ocrx_word' id='word_1_141' title='bbox 2128 1699 2253 1765; x_wconf 88' lang='lat' dir='ltr'>iustitia</span> <span class='ocrx_word' id='word_1_142' title='bbox 2283 1702 2399 1784; x_wconf 87' lang='lat' dir='ltr'>patris,</span> <span class='ocrx_word' id='word_1_143' title='bbox 2422 1723 2496 1788; x_wconf 90' lang='lat' dir='ltr'>per-</span> 
     </span>
     <span class='ocr_line' id='line_1_13' title="bbox 481 1781 2496 1875; baseline 0 -20"><span class='ocrx_word' id='word_1_144' title='bbox 481 1785 548 1855; x_wconf 75' lang='lat' dir='ltr'>ner</span> <span class='ocrx_word' id='word_1_145' title='bbox 570 1789 615 1853; x_wconf 90' lang='lat' dir='ltr'>sit</span> <span class='ocrx_word' id='word_1_146' title='bbox 636 1788 808 1854; x_wconf 88' lang='lat' dir='ltr'>subiectus</span> <span class='ocrx_word' id='word_1_147' title='bbox 830 1786 912 1875; x_wconf 75' lang='lat' dir='ltr'>legi,</span> <span class='ocrx_word' id='word_1_148' title='bbox 933 1789 1010 1853; x_wconf 92' lang='lat' dir='ltr'>inde</span> <span class='ocrx_word' id='word_1_149' title='bbox 1031 1789 1138 1855; x_wconf 87' lang='lat' dir='ltr'>oritur</span> <span class='ocrx_word' id='word_1_150' title='bbox 1159 1803 1311 1875; x_wconf 73' lang='lat' dir='ltr'>quaestio</span> <span class='ocrx_word' id='word_1_151' title='bbox 1334 1789 1435 1857; x_wconf 73' lang='lat' dir='ltr'>haece</span> <span class='ocrx_word' id='word_1_152' title='bbox 1514 1786 1604 1853; x_wconf 82' lang='lat' dir='ltr'>lecte</span> <span class='ocrx_word' id='word_1_153' title='bbox 1625 1785 1731 1874; x_wconf 74' lang='lat' dir='ltr'>dssigit</span> <span class='ocrx_word' id='word_1_154' title='bbox 1752 1798 1891 1871; x_wconf 90' lang='lat' dir='ltr'>patrem,</span> <span class='ocrx_word' id='word_1_155' title='bbox 1912 1796 2061 1871; x_wconf 75' lang='lat' dir='ltr'>praestat</span> <span class='ocrx_word' id='word_1_156' title='bbox 2077 1781 2496 1872; x_wconf 82' lang='lat' dir='ltr'>perlectamcbedieutiam</span> 
     </span>
     <span class='ocr_line' id='line_1_14' title="bbox 1515 1872 2496 1957; baseline 0.004 -19"><span class='ocrx_word' id='word_1_157' title='bbox 1515 1893 1617 1957; x_wconf 87' lang='lat' dir='ltr'>sopra</span> <span class='ocrx_word' id='word_1_158' title='bbox 1640 1892 1757 1939; x_wconf 89' lang='lat' dir='ltr'>omnes</span> <span class='ocrx_word' id='word_1_159' title='bbox 1782 1878 1973 1950; x_wconf 64' lang='lat' dir='ltr'>creaturam</span> <span class='ocrx_word' id='word_1_160' title='bbox 2045 1883 2121 1936; x_wconf 85' lang='lat' dir='ltr'>stes</span> <span class='ocrx_word' id='word_1_161' title='bbox 2147 1872 2291 1938; x_wconf 88' lang='lat' dir='ltr'>donatur</span> <span class='ocrx_word' id='word_1_162' title='bbox 2311 1874 2411 1940; x_wconf 86' lang='lat' dir='ltr'>nobis</span> <span class='ocrx_word' id='word_1_163' title='bbox 2433 1894 2496 1942; x_wconf 83' lang='lat' dir='ltr'>saa</span> 
     </span>
     <span class='ocr_line' id='line_1_15' title="bbox 481 1955 2496 2134; baseline 0.005 -31"><span class='ocrx_word' id='word_1_164' title='bbox 481 1999 618 2103; x_wconf 73' lang='lat' dir='ltr'>Quare</span> <span class='ocrx_word' id='word_1_165' title='bbox 647 2001 894 2113; x_wconf 75' lang='lat' dir='ltr'>praeciditur</span> <span class='ocrx_word' id='word_1_166' title='bbox 931 2030 1024 2083; x_wconf 76' lang='lat' dir='ltr'>earo</span> <span class='ocrx_word' id='word_1_167' title='bbox 1063 1997 1245 2087; x_wconf 67' lang='lat' dir='ltr'>Christi?</span> <span class='ocrx_word' id='word_1_168' title='bbox 1282 2032 1336 2085; x_wconf 79' lang='lat' dir='ltr'>an</span> <span class='ocrx_word' id='word_1_169' title='bbox 1376 2002 1462 2114; x_wconf 79' lang='lat' dir='ltr'>ipse</span> <span class='ocrx_word' id='word_1_170' title='bbox 1514 1960 1636 2118; x_wconf 66' lang='lat' dir='ltr'>iti:</span> <span class='ocrx_word' id='word_1_171' title='bbox 1655 1961 1966 2111; x_wconf 55' lang='lat' dir='ltr'>sititis,</span> <span class='ocrx_word' id='word_1_172' title='bbox 1987 1955 2496 2134; x_wconf 59' lang='lat' dir='ltr'>ai‘tititttptzstit</span> 
     </span>
     <span class='ocr_line' id='line_1_16' title="bbox 631 2120 2496 2235; baseline 0.002 -39"><span class='ocrx_word' id='word_1_173' title='bbox 631 2120 756 2205; x_wconf 80' lang='lat' dir='ltr'>etiam</span> <span class='ocrx_word' id='word_1_174' title='bbox 787 2134 851 2204; x_wconf 75' lang='lat' dir='ltr'>est</span> <span class='ocrx_word' id='word_1_175' title='bbox 879 2132 999 2205; x_wconf 78' lang='lat' dir='ltr'>natus</span> <span class='ocrx_word' id='word_1_176' title='bbox 1028 2121 1304 2235; x_wconf 71' lang='lat' dir='ltr'>inpeccatis?</span> <span class='ocrx_word' id='word_1_177' title='bbox 1515 2133 1604 2197; x_wconf 87' lang='lat' dir='ltr'>neris</span> <span class='ocrx_word' id='word_1_178' title='bbox 1627 2130 1771 2210; x_wconf 87' lang='lat' dir='ltr'>hnmani,</span> <span class='ocrx_word' id='word_1_179' title='bbox 1793 2141 1825 2196; x_wconf 91' lang='lat' dir='ltr'>et</span> <span class='ocrx_word' id='word_1_180' title='bbox 1847 2128 1904 2196; x_wconf 91' lang='lat' dir='ltr'>illa</span> <span class='ocrx_word' id='word_1_181' title='bbox 1927 2127 2111 2196; x_wconf 73' lang='lat' dir='ltr'>satisfactio</span> <span class='ocrx_word' id='word_1_182' title='bbox 2133 2129 2277 2196; x_wconf 88' lang='lat' dir='ltr'>donatur</span> <span class='ocrx_word' id='word_1_183' title='bbox 2299 2141 2334 2196; x_wconf 90' lang='lat' dir='ltr'>et</span> <span class='ocrx_word' id='word_1_184' title='bbox 2355 2133 2496 2218; x_wconf 88' lang='lat' dir='ltr'>imputa·</span> 
     </span>
     <span class='ocr_line' id='line_1_17' title="bbox 1514 2216 2497 2304; baseline 0.003 -22"><span class='ocrx_word' id='word_1_185' title='bbox 1514 2230 1568 2283; x_wconf 88' lang='lat' dir='ltr'>tor</span> <span class='ocrx_word' id='word_1_186' title='bbox 1590 2219 1700 2297; x_wconf 71' lang='lat' dir='ltr'>nobie,</span> <span class='ocrx_word' id='word_1_187' title='bbox 1721 2219 1799 2304; x_wconf 89' lang='lat' dir='ltr'>qnia</span> <span class='ocrx_word' id='word_1_188' title='bbox 1824 2216 1898 2301; x_wconf 90' lang='lat' dir='ltr'>ipsc</span> <span class='ocrx_word' id='word_1_189' title='bbox 1920 2227 1973 2282; x_wconf 88' lang='lat' dir='ltr'>est</span> <span class='ocrx_word' id='word_1_190' title='bbox 1994 2217 2156 2282; x_wconf 87' lang='lat' dir='ltr'>innocens</span> <span class='ocrx_word' id='word_1_191' title='bbox 2174 2227 2206 2280; x_wconf 90' lang='lat' dir='ltr'>et</span> <span class='ocrx_word' id='word_1_192' title='bbox 2226 2216 2348 2297; x_wconf 84' lang='lat' dir='ltr'>inatus,</span> <span class='ocrx_word' id='word_1_193' title='bbox 2374 2229 2497 2285; x_wconf 84' lang='lat' dir='ltr'>etsus·</span> 
     </span>
     <span class='ocr_line' id='line_1_18' title="bbox 568 2301 2494 2412; baseline 0.003 -44"><span class='ocrx_word' id='word_1_194' title='bbox 568 2301 784 2390; x_wconf 83' lang='lat' dir='ltr'>Respondeo.</span> <span class='ocrx_word' id='word_1_195' title='bbox 831 2304 859 2368; x_wconf 88' lang='lat' dir='ltr'>l.</span> <span class='ocrx_word' id='word_1_196' title='bbox 884 2302 970 2378; x_wconf 83' lang='lat' dir='ltr'>Quia</span> <span class='ocrx_word' id='word_1_197' title='bbox 991 2317 1044 2370; x_wconf 84' lang='lat' dir='ltr'>est</span> <span class='ocrx_word' id='word_1_198' title='bbox 1061 2304 1296 2382; x_wconf 86' lang='lat' dir='ltr'>testimonium,</span> <span class='ocrx_word' id='word_1_199' title='bbox 1317 2306 1462 2412; x_wconf 64' lang='lat' dir='ltr'>quodsit</span> <span class='ocrx_word' id='word_1_200' title='bbox 1514 2306 1598 2370; x_wconf 89' lang='lat' dir='ltr'>tinet</span> <span class='ocrx_word' id='word_1_201' title='bbox 1629 2323 1783 2388; x_wconf 88' lang='lat' dir='ltr'>poenam,</span> <span class='ocrx_word' id='word_1_202' title='bbox 1806 2322 1893 2388; x_wconf 89' lang='lat' dir='ltr'>quae</span> <span class='ocrx_word' id='word_1_203' title='bbox 1914 2303 2099 2379; x_wconf 82' lang='lat' dir='ltr'>debebatur</span> <span class='ocrx_word' id='word_1_204' title='bbox 2124 2301 2268 2368; x_wconf 89' lang='lat' dir='ltr'>iustitiae</span> <span class='ocrx_word' id='word_1_205' title='bbox 2288 2323 2352 2389; x_wconf 88' lang='lat' dir='ltr'>pro</span> <span class='ocrx_word' id='word_1_206' title='bbox 2380 2306 2494 2384; x_wconf 87' lang='lat' dir='ltr'>nobis,</span> 
     </span>
     <span class='ocr_line' id='line_1_19' title="bbox 479 2386 2495 2479; baseline 0.002 -26"><span class='ocrx_word' id='word_1_207' title='bbox 479 2399 582 2455; x_wconf 86' lang='lat' dir='ltr'>natus</span> <span class='ocrx_word' id='word_1_208' title='bbox 604 2409 647 2454; x_wconf 83' lang='lat' dir='ltr'>ea</span> <span class='ocrx_word' id='word_1_209' title='bbox 667 2391 864 2477; x_wconf 79' lang='lat' dir='ltr'>posteritate</span> <span class='ocrx_word' id='word_1_210' title='bbox 884 2389 1053 2478; x_wconf 76' lang='lat' dir='ltr'>Abrahae.</span> <span class='ocrx_word' id='word_1_211' title='bbox 1087 2391 1118 2454; x_wconf 70' lang='lat'>2.</span> <span class='ocrx_word' id='word_1_212' title='bbox 1140 2388 1226 2465; x_wconf 86' lang='lat' dir='ltr'>Quia</span> <span class='ocrx_word' id='word_1_213' title='bbox 1248 2388 1352 2458; x_wconf 84' lang='lat' dir='ltr'>volort</span> <span class='ocrx_word' id='word_1_214' title='bbox 1369 2412 1462 2479; x_wconf 88' lang='lat' dir='ltr'>prae·</span> <span class='ocrx_word' id='word_1_215' title='bbox 1514 2402 1548 2456; x_wconf 90' lang='lat' dir='ltr'>et</span> <span class='ocrx_word' id='word_1_216' title='bbox 1570 2392 1647 2475; x_wconf 89' lang='lat' dir='ltr'>qaia</span> <span class='ocrx_word' id='word_1_217' title='bbox 1668 2391 1742 2473; x_wconf 83' lang='lat' dir='ltr'>ipse</span> <span class='ocrx_word' id='word_1_218' title='bbox 1763 2386 1890 2473; x_wconf 84' lang='lat' dir='ltr'>implet,</span> <span class='ocrx_word' id='word_1_219' title='bbox 1912 2390 2036 2454; x_wconf 84' lang='lat' dir='ltr'>donata</span> <span class='ocrx_word' id='word_1_220' title='bbox 2058 2400 2109 2452; x_wconf 88' lang='lat' dir='ltr'>est</span> <span class='ocrx_word' id='word_1_221' title='bbox 2130 2388 2229 2454; x_wconf 88' lang='lat' dir='ltr'>nobis</span> <span class='ocrx_word' id='word_1_222' title='bbox 2250 2387 2324 2454; x_wconf 89' lang='lat' dir='ltr'>eius</span> <span class='ocrx_word' id='word_1_223' title='bbox 2346 2387 2495 2477; x_wconf 79' lang='lat' dir='ltr'>impletio</span> 
     </span>
     <span class='ocr_line' id='line_1_20' title="bbox 481 2472 2494 2562; baseline 0.001 -22"><span class='ocrx_word' id='word_1_224' title='bbox 481 2473 548 2540; x_wconf 90' lang='lat' dir='ltr'>cidi</span> <span class='ocrx_word' id='word_1_225' title='bbox 568 2487 709 2561; x_wconf 88' lang='lat' dir='ltr'>propter</span> <span class='ocrx_word' id='word_1_226' title='bbox 729 2485 834 2541; x_wconf 88' lang='lat' dir='ltr'>totum</span> <span class='ocrx_word' id='word_1_227' title='bbox 857 2496 965 2561; x_wconf 78' lang='lat' dir='ltr'>genus</span> <span class='ocrx_word' id='word_1_228' title='bbox 986 2473 1177 2558; x_wconf 82' lang='lat' dir='ltr'>homanum,</span> <span class='ocrx_word' id='word_1_229' title='bbox 1198 2488 1232 2542; x_wconf 89' lang='lat' dir='ltr'>et</span> <span class='ocrx_word' id='word_1_230' title='bbox 1253 2478 1406 2544; x_wconf 86' lang='lat' dir='ltr'>derivare</span> <span class='ocrx_word' id='word_1_231' title='bbox 1426 2479 1462 2543; x_wconf 93' lang='lat' dir='ltr'>in</span> <span class='ocrx_word' id='word_1_232' title='bbox 1514 2487 1547 2546; x_wconf 88' lang='lat' dir='ltr'>ct</span> <span class='ocrx_word' id='word_1_233' title='bbox 1569 2477 1768 2542; x_wconf 85' lang='lat' dir='ltr'>obedientia.</span> <span class='ocrx_word' id='word_1_234' title='bbox 1812 2473 1865 2539; x_wconf 90' lang='lat' dir='ltr'>lll.</span> <span class='ocrx_word' id='word_1_235' title='bbox 1888 2472 2108 2540; x_wconf 84' lang='lat' dir='ltr'>Restituende</span> <span class='ocrx_word' id='word_1_236' title='bbox 2129 2474 2164 2538; x_wconf 92' lang='lat' dir='ltr'>in</span> <span class='ocrx_word' id='word_1_237' title='bbox 2190 2475 2307 2554; x_wconf 84' lang='lat' dir='ltr'>nobis&#39;,</span> <span class='ocrx_word' id='word_1_238' title='bbox 2335 2478 2429 2562; x_wconf 84' lang='lat' dir='ltr'>qaod</span> <span class='ocrx_word' id='word_1_239' title='bbox 2457 2477 2494 2543; x_wconf 91' lang='lat' dir='ltr'>iit</span> 
     </span>
     <span class='ocr_line' id='line_1_21' title="bbox 480 2560 2493 2648; baseline 0.002 -23"><span class='ocrx_word' id='word_1_240' title='bbox 480 2579 521 2625; x_wconf 89' lang='lat' dir='ltr'>se</span> <span class='ocrx_word' id='word_1_241' title='bbox 542 2572 685 2646; x_wconf 86' lang='lat' dir='ltr'>peccota</span> <span class='ocrx_word' id='word_1_242' title='bbox 711 2564 814 2627; x_wconf 82' lang='lat' dir='ltr'>totim</span> <span class='ocrx_word' id='word_1_243' title='bbox 841 2563 976 2648; x_wconf 83' lang='lat' dir='ltr'>generis</span> <span class='ocrx_word' id='word_1_244' title='bbox 1004 2561 1149 2629; x_wconf 87' lang='lat' dir='ltr'>bomani.</span> <span class='ocrx_word' id='word_1_245' title='bbox 1192 2562 1224 2630; x_wconf 80' lang='lat'>3.</span> <span class='ocrx_word' id='word_1_246' title='bbox 1248 2561 1335 2638; x_wconf 85' lang='lat' dir='ltr'>Quia</span> <span class='ocrx_word' id='word_1_247' title='bbox 1356 2561 1462 2630; x_wconf 84' lang='lat' dir='ltr'>voluit</span> <span class='ocrx_word' id='word_1_248' title='bbox 1513 2564 1547 2628; x_wconf 89' lang='lat' dir='ltr'>in</span> <span class='ocrx_word' id='word_1_249' title='bbox 1575 2560 1641 2627; x_wconf 85' lang='lat' dir='ltr'>lrac</span> <span class='ocrx_word' id='word_1_250' title='bbox 1667 2562 1735 2627; x_wconf 87' lang='lat' dir='ltr'>vita</span> <span class='ocrx_word' id='word_1_251' title='bbox 1761 2560 1973 2627; x_wconf 76' lang='lat' dir='ltr'>inchoatione</span> <span class='ocrx_word' id='word_1_252' title='bbox 1999 2561 2033 2625; x_wconf 92' lang='lat' dir='ltr'>in</span> <span class='ocrx_word' id='word_1_253' title='bbox 2060 2560 2176 2639; x_wconf 89' lang='lat' dir='ltr'>nobis,</span> <span class='ocrx_word' id='word_1_254' title='bbox 2205 2571 2237 2625; x_wconf 90' lang='lat' dir='ltr'>et</span> <span class='ocrx_word' id='word_1_255' title='bbox 2264 2571 2386 2644; x_wconf 89' lang='lat' dir='ltr'>postea</span> <span class='ocrx_word' id='word_1_256' title='bbox 2416 2583 2493 2629; x_wconf 87' lang='lat' dir='ltr'>coa·</span> 
     </span>
     <span class='ocr_line' id='line_1_22' title="bbox 480 2643 2491 2731; baseline 0.001 -19"><span class='ocrx_word' id='word_1_257' title='bbox 480 2665 562 2712; x_wconf 87' lang='lat' dir='ltr'>esse</span> <span class='ocrx_word' id='word_1_258' title='bbox 593 2649 777 2714; x_wconf 84' lang='lat' dir='ltr'>membrum</span> <span class='ocrx_word' id='word_1_259' title='bbox 809 2645 907 2715; x_wconf 90' lang='lat' dir='ltr'>buius</span> <span class='ocrx_word' id='word_1_260' title='bbox 939 2646 1128 2728; x_wconf 76' lang='lat' dir='ltr'>Ecclesiae,</span> <span class='ocrx_word' id='word_1_261' title='bbox 1159 2650 1248 2716; x_wconf 88' lang='lat' dir='ltr'>sicut</span> <span class='ocrx_word' id='word_1_262' title='bbox 1266 2648 1360 2715; x_wconf 85' lang='lat' dir='ltr'>dicit:</span> <span class='ocrx_word' id='word_1_263' title='bbox 1386 2649 1461 2714; x_wconf 74' lang='lat' dir='ltr'>Sua</span> <span class='ocrx_word' id='word_1_264' title='bbox 1513 2648 1740 2714; x_wconf 75' lang='lat' dir='ltr'>commotione.</span> <span class='ocrx_word' id='word_1_265' title='bbox 1764 2646 1905 2720; x_wconf 87' lang='lat' dir='ltr'>Quando</span> <span class='ocrx_word' id='word_1_266' title='bbox 1927 2646 2091 2714; x_wconf 81' lang='lat' dir='ltr'>restituiti</span> <span class='ocrx_word' id='word_1_267' title='bbox 2109 2643 2323 2731; x_wconf 84' lang='lat' dir='ltr'>Respondeo.</span> <span class='ocrx_word' id='word_1_268' title='bbox 2349 2647 2491 2722; x_wconf 86' lang='lat' dir='ltr'>Quando</span> 
     </span>
     <span class='ocr_line' id='line_1_23' title="bbox 476 2732 2493 2820; baseline 0.003 -26"><span class='ocrx_word' id='word_1_269' title='bbox 476 2734 591 2796; x_wconf 67' lang='lat' dir='ltr'>edeam</span> <span class='ocrx_word' id='word_1_270' title='bbox 613 2732 658 2794; x_wconf 86' lang='lat' dir='ltr'>ad</span> <span class='ocrx_word' id='word_1_271' title='bbox 680 2740 838 2800; x_wconf 71' lang='lat' dir='ltr'>acerete.</span> <span class='ocrx_word' id='word_1_272' title='bbox 860 2732 1051 2820; x_wconf 86' lang='lat' dir='ltr'>Principalo</span> <span class='ocrx_word' id='word_1_273' title='bbox 1073 2732 1220 2802; x_wconf 88' lang='lat' dir='ltr'>cilicium</span> <span class='ocrx_word' id='word_1_274' title='bbox 1241 2732 1461 2817; x_wconf 79' lang='lat' dir='ltr'>christierat,</span> <span class='ocrx_word' id='word_1_275' title='bbox 1513 2733 1580 2802; x_wconf 86' lang='lat' dir='ltr'>fide</span> <span class='ocrx_word' id='word_1_276' title='bbox 1612 2732 1876 2812; x_wconf 83' lang='lat' dir='ltr'>sanctificamur,</span> <span class='ocrx_word' id='word_1_277' title='bbox 1913 2733 2048 2819; x_wconf 87' lang='lat' dir='ltr'>quando</span> <span class='ocrx_word' id='word_1_278' title='bbox 2079 2732 2262 2817; x_wconf 71' lang='lat' dir='ltr'>accipimus</span> <span class='ocrx_word' id='word_1_279' title='bbox 2289 2733 2493 2801; x_wconf 88' lang='lat' dir='ltr'>consolatio·</span> 
     </span>
     <span class='ocr_line' id='line_1_24' title="bbox 477 2816 2493 2909; baseline 0.001 -24"><span class='ocrx_word' id='word_1_280' title='bbox 477 2828 516 2885; x_wconf 85' lang='grc' dir='ltr'>ιιι</span> <span class='ocrx_word' id='word_1_281' title='bbox 538 2819 678 2885; x_wconf 89' lang='lat' dir='ltr'>doceret</span> <span class='ocrx_word' id='word_1_282' title='bbox 699 2820 733 2883; x_wconf 93' lang='lat' dir='ltr'>in</span> <span class='ocrx_word' id='word_1_283' title='bbox 755 2817 880 2905; x_wconf 73' lang='lat' dir='ltr'>templo</span> <span class='ocrx_word' id='word_1_284' title='bbox 900 2818 1154 2908; x_wconf 80' lang='lat' dir='ltr'>Hierosolymis,</span> <span class='ocrx_word' id='word_1_285' title='bbox 1186 2831 1222 2887; x_wconf 89' lang='lat' dir='ltr'>et</span> <span class='ocrx_word' id='word_1_286' title='bbox 1252 2822 1287 2887; x_wconf 92' lang='lat' dir='ltr'>in</span> <span class='ocrx_word' id='word_1_287' title='bbox 1318 2816 1378 2888; x_wconf 88' lang='lat' dir='ltr'>illo</span> <span class='ocrx_word' id='word_1_288' title='bbox 1400 2843 1460 2909; x_wconf 91' lang='lat' dir='ltr'>po·</span> <span class='ocrx_word' id='word_1_289' title='bbox 1512 2840 1601 2900; x_wconf 90' lang='lat' dir='ltr'>nem,</span> <span class='ocrx_word' id='word_1_290' title='bbox 1634 2821 1777 2885; x_wconf 88' lang='lat' dir='ltr'>donator</span> <span class='ocrx_word' id='word_1_291' title='bbox 1805 2819 1949 2902; x_wconf 76' lang='lat' dir='ltr'>Spiritus</span> <span class='ocrx_word' id='word_1_292' title='bbox 1977 2828 2134 2897; x_wconf 86' lang='lat' dir='ltr'>sanctus,</span> <span class='ocrx_word' id='word_1_293' title='bbox 2163 2819 2340 2902; x_wconf 77' lang='lat' dir='ltr'>incipimus</span> <span class='ocrx_word' id='word_1_294' title='bbox 2365 2818 2493 2909; x_wconf 81' lang='lat' dir='ltr'>aliquo</span> 
     </span>
     <span class='ocr_line' id='line_1_25' title="bbox 476 2900 2557 2998; baseline 0.002 -29"><span class='ocrx_word' id='word_1_295' title='bbox 476 2901 572 2989; x_wconf 83' lang='lat' dir='ltr'>palo,</span> <span class='ocrx_word' id='word_1_296' title='bbox 595 2915 631 2970; x_wconf 89' lang='lat' dir='ltr'>et</span> <span class='ocrx_word' id='word_1_297' title='bbox 651 2900 758 2970; x_wconf 87' lang='lat' dir='ltr'>voluit</span> <span class='ocrx_word' id='word_1_298' title='bbox 780 2925 857 2971; x_wconf 90' lang='lat' dir='ltr'>esse</span> <span class='ocrx_word' id='word_1_299' title='bbox 878 2907 1061 2973; x_wconf 87' lang='lat' dir='ltr'>membrum</span> <span class='ocrx_word' id='word_1_300' title='bbox 1071 2904 1161 2974; x_wconf 87' lang='lat' dir='ltr'>illins</span> <span class='ocrx_word' id='word_1_301' title='bbox 1170 2902 1357 2988; x_wconf 76' lang='lat' dir='ltr'>Ecclesiae,</span> <span class='ocrx_word' id='word_1_302' title='bbox 1374 2910 1462 2975; x_wconf 89' lang='lat' dir='ltr'>sicut</span> <span class='ocrx_word' id='word_1_303' title='bbox 1511 2908 1612 2974; x_wconf 90' lang='lat' dir='ltr'>modo</span> <span class='ocrx_word' id='word_1_304' title='bbox 1635 2906 1850 2998; x_wconf 80' lang='lat' dir='ltr'>acquiescere</span> <span class='ocrx_word' id='word_1_305' title='bbox 1870 2905 1904 2969; x_wconf 92' lang='lat' dir='ltr'>iu</span> <span class='ocrx_word' id='word_1_306' title='bbox 1924 2904 2013 2971; x_wconf 86' lang='lat' dir='ltr'>Deo.</span> <span class='ocrx_word' id='word_1_307' title='bbox 2057 2903 2126 2970; x_wconf 89' lang='lat' dir='ltr'>llll.</span> <span class='ocrx_word' id='word_1_308' title='bbox 2148 2903 2340 2972; x_wconf 82' lang='lat' dir='ltr'>Sanciendo</span> <span class='ocrx_word' id='word_1_309' title='bbox 2357 2919 2392 2973; x_wconf 88' lang='lat' dir='ltr'>et</span> <span class='ocrx_word' id='word_1_310' title='bbox 2414 2927 2494 2974; x_wconf 89' lang='lat' dir='ltr'>con·</span> <span class='ocrx_word' id='word_1_311' title='bbox 2553 2950 2557 2955; x_wconf 89' lang='lat'><em>-</em></span> 
     </span>
     <span class='ocr_line' id='line_1_26' title="bbox 478 2987 2491 3079; baseline 0.002 -24"><span class='ocrx_word' id='word_1_312' title='bbox 478 3002 513 3055; x_wconf 88' lang='lat' dir='ltr'>et</span> <span class='ocrx_word' id='word_1_313' title='bbox 534 3002 658 3075; x_wconf 86' lang='lat' dir='ltr'>postea</span> <span class='ocrx_word' id='word_1_314' title='bbox 679 2987 785 3057; x_wconf 87' lang='lat' dir='ltr'>voluit</span> <span class='ocrx_word' id='word_1_315' title='bbox 806 3011 886 3058; x_wconf 89' lang='lat' dir='ltr'>esse</span> <span class='ocrx_word' id='word_1_316' title='bbox 906 2994 1090 3060; x_wconf 87' lang='lat' dir='ltr'>membrum</span> <span class='ocrx_word' id='word_1_317' title='bbox 1116 3005 1253 3061; x_wconf 84' lang='lat' dir='ltr'>nostrae</span> <span class='ocrx_word' id='word_1_318' title='bbox 1273 2990 1460 3074; x_wconf 86' lang='lat' dir='ltr'>Ecclesiae,</span> <span class='ocrx_word' id='word_1_319' title='bbox 1511 2991 1675 3059; x_wconf 82' lang='lat' dir='ltr'>firmando</span> <span class='ocrx_word' id='word_1_320' title='bbox 1709 2992 1912 3070; x_wconf 88' lang='lat' dir='ltr'>doctrinam,</span> <span class='ocrx_word' id='word_1_321' title='bbox 1946 2993 2024 3077; x_wconf 88' lang='lat' dir='ltr'>qnia</span> <span class='ocrx_word' id='word_1_322' title='bbox 2045 2991 2126 3058; x_wconf 91' lang='lat' dir='ltr'>dicit</span> <span class='ocrx_word' id='word_1_323' title='bbox 2146 2987 2205 3055; x_wconf 89' lang='lat' dir='ltr'>illa</span> <span class='ocrx_word' id='word_1_324' title='bbox 2228 3012 2335 3078; x_wconf 89' lang='lat' dir='ltr'>opera</span> <span class='ocrx_word' id='word_1_325' title='bbox 2352 2990 2491 3079; x_wconf 87' lang='lat' dir='ltr'>placere</span> 
     </span>
     <span class='ocr_line' id='line_1_27' title="bbox 475 3075 2491 3169; baseline 0.002 -29"><span class='ocrx_word' id='word_1_326' title='bbox 475 3076 610 3161; x_wconf 86' lang='lat' dir='ltr'>quando</span> <span class='ocrx_word' id='word_1_327' title='bbox 633 3076 821 3162; x_wconf 65' lang='lat' dir='ltr'>baptizatus</span> <span class='ocrx_word' id='word_1_328' title='bbox 843 3089 913 3157; x_wconf 81' lang='lat' dir='ltr'>est,</span> <span class='ocrx_word' id='word_1_329' title='bbox 935 3089 970 3145; x_wconf 87' lang='lat' dir='ltr'>et</span> <span class='ocrx_word' id='word_1_330' title='bbox 990 3091 1042 3148; x_wconf 87' lang='lat' dir='ltr'>est</span> <span class='ocrx_word' id='word_1_331' title='bbox 1064 3100 1129 3147; x_wconf 87' lang='lat' dir='ltr'>nna</span> <span class='ocrx_word' id='word_1_332' title='bbox 1149 3091 1184 3146; x_wconf 91' lang='lat' dir='ltr'>et</span> <span class='ocrx_word' id='word_1_333' title='bbox 1204 3079 1321 3147; x_wconf 91' lang='lat' dir='ltr'>eadem</span> <span class='ocrx_word' id='word_1_334' title='bbox 1340 3079 1458 3149; x_wconf 86' lang='lat' dir='ltr'>Eccle-</span> <span class='ocrx_word' id='word_1_335' title='bbox 1510 3076 1600 3160; x_wconf 85' lang='lat' dir='ltr'>Deo,</span> <span class='ocrx_word' id='word_1_336' title='bbox 1621 3075 1687 3146; x_wconf 88' lang='lat' dir='ltr'>alia</span> <span class='ocrx_word' id='word_1_337' title='bbox 1707 3098 1776 3144; x_wconf 91' lang='lat' dir='ltr'>non</span> <span class='ocrx_word' id='word_1_338' title='bbox 1796 3075 1944 3163; x_wconf 71' lang='lat' dir='ltr'>placere,</span> <span class='ocrx_word' id='word_1_339' title='bbox 1986 3075 2083 3143; x_wconf 83' lang='lat' dir='ltr'>Deus</span> <span class='ocrx_word' id='word_1_340' title='bbox 2104 3078 2150 3143; x_wconf 88' lang='lat' dir='ltr'>lta</span> <span class='ocrx_word' id='word_1_341' title='bbox 2171 3079 2291 3164; x_wconf 89' lang='lat' dir='ltr'>recipit</span> <span class='ocrx_word' id='word_1_342' title='bbox 2311 3079 2491 3169; x_wconf 76' lang='lat' dir='ltr'>gennabu-</span> 
     </span>
     <span class='ocr_line' id='line_1_28' title="bbox 477 3161 2489 3251; baseline 0.002 -24"><span class='ocrx_word' id='word_1_343' title='bbox 477 3162 541 3241; x_wconf 88' lang='lat' dir='ltr'>sia,</span> <span class='ocrx_word' id='word_1_344' title='bbox 565 3163 694 3229; x_wconf 83' lang='lat' dir='ltr'>etiamsi</span> <span class='ocrx_word' id='word_1_345' title='bbox 711 3164 810 3251; x_wconf 78' lang='lat' dir='ltr'>signa</span> <span class='ocrx_word' id='word_1_346' title='bbox 832 3163 996 3233; x_wconf 77' lang='lat' dir='ltr'>differam.</span> <span class='ocrx_word' id='word_1_347' title='bbox 1510 3186 1644 3233; x_wconf 87' lang='lat' dir='ltr'>manum</span> <span class='ocrx_word' id='word_1_348' title='bbox 1672 3186 1715 3233; x_wconf 86' lang='lat' dir='ltr'>ex</span> <span class='ocrx_word' id='word_1_349' title='bbox 1736 3166 1898 3231; x_wconf 85' lang='lat' dir='ltr'>immensa</span> <span class='ocrx_word' id='word_1_350' title='bbox 1924 3163 2166 3244; x_wconf 84' lang='lat' dir='ltr'>misericordia,</span> <span class='ocrx_word' id='word_1_351' title='bbox 2198 3176 2235 3230; x_wconf 88' lang='lat' dir='ltr'>ut</span> <span class='ocrx_word' id='word_1_352' title='bbox 2264 3161 2364 3232; x_wconf 87' lang='lat' dir='ltr'>simul</span> <span class='ocrx_word' id='word_1_353' title='bbox 2392 3165 2489 3232; x_wconf 79' lang='lat' dir='ltr'>edam</span> 
     </span>
     <span class='ocr_line' id='line_1_29' title="bbox 889 3251 2491 3404; baseline 0 -86"><span class='ocrx_word' id='word_1_354' title='bbox 889 3316 1070 3388; x_wconf 49' lang='lat' dir='ltr'>obium,</span> <span class='ocrx_word' id='word_1_355' title='bbox 1510 3251 1656 3319; x_wconf 81' lang='lat' dir='ltr'>voluerit</span> <span class='ocrx_word' id='word_1_356' title='bbox 1672 3251 1835 3404; x_wconf 42' lang='lat' dir='ltr'>lullum</span> <span class='ocrx_word' id='word_1_357' title='bbox 1857 3269 1941 3402; x_wconf 56' lang='lat' dir='ltr'>suge</span> <span class='ocrx_word' id='word_1_358' title='bbox 1962 3251 2117 3357; x_wconf 78' lang='lat' dir='ltr'>iustitiae,</span> <span class='ocrx_word' id='word_1_359' title='bbox 2150 3271 2220 3315; x_wconf 88' lang='lat' dir='ltr'>non</span> <span class='ocrx_word' id='word_1_360' title='bbox 2249 3252 2384 3403; x_wconf 58' lang='lat' dir='ltr'>rllllffil</span> <span class='ocrx_word' id='word_1_361' title='bbox 2443 3271 2491 3404; x_wconf 55' lang='grc' dir='ltr'><strong><em>ζ</em></strong></span> 
     </span>
     <span class='ocr_line' id='line_1_30' title="bbox 611 3350 2489 3508; baseline -0.009 -1"><span class='ocrx_word' id='word_1_362' title='bbox 611 3439 1000 3508; x_wconf 56' lang='lat' dir='ltr'>naamam,</span> <span class='ocrx_word' id='word_1_363' title='bbox 1095 3458 1102 3462; x_wconf 95' lang='lat'>-</span> <span class='ocrx_word' id='word_1_364' title='bbox 1511 3350 1992 3492; x_wconf 64' lang='lat' dir='ltr'>ttztstttttttt</span> <span class='ocrx_word' id='word_1_365' title='bbox 2028 3356 2489 3503; x_wconf 55' lang='lat' dir='ltr'>antistatis,</span> 
     </span>
    </p>
   </div>
   <div class='ocr_carea' id='block_1_3' title="bbox 615 3505 2492 3682">
    <p class='ocr_par' dir='ltr' id='par_1_3' title="bbox 615 3505 2492 3682">
     <span class='ocr_line' id='line_1_31' title="bbox 615 3505 2492 3682; baseline 0.003 -110"><span class='ocrx_word' id='word_1_366' title='bbox 615 3525 727 3591; x_wconf 64' lang='lat' dir='ltr'>m„</span> <span class='ocrx_word' id='word_1_367' title='bbox 742 3527 857 3610; x_wconf 61' lang='lat'><strong><em>„3950</em></strong></span> <span class='ocrx_word' id='word_1_368' title='bbox 880 3529 1053 3592; x_wconf 55' lang='lat' dir='ltr'>,mim</span> <span class='ocrx_word' id='word_1_369' title='bbox 1074 3537 1124 3597; x_wconf 52' lang='lat' dir='ltr'>„a</span> <span class='ocrx_word' id='word_1_370' title='bbox 1143 3529 1380 3682; x_wconf 41' lang='lat' dir='ltr'>mens?</span> <span class='ocrx_word' id='word_1_371' title='bbox 1400 3529 1458 3597; x_wconf 67' lang='lat' dir='ltr'>,ffi</span> <span class='ocrx_word' id='word_1_372' title='bbox 1508 3509 1603 3578; x_wconf 84' lang='lat' dir='ltr'>ilaec</span> <span class='ocrx_word' id='word_1_373' title='bbox 1623 3532 1680 3578; x_wconf 89' lang='lat' dir='ltr'>ree</span> <span class='ocrx_word' id='word_1_374' title='bbox 1708 3521 1776 3578; x_wconf 88' lang='lat' dir='ltr'>tarn</span> <span class='ocrx_word' id='word_1_375' title='bbox 1798 3528 1920 3597; x_wconf 73' lang='lat' dir='ltr'>magna</span> <span class='ocrx_word' id='word_1_376' title='bbox 1949 3519 2013 3587; x_wconf 88' lang='lat' dir='ltr'>eet,</span> <span class='ocrx_word' id='word_1_377' title='bbox 2045 3518 2083 3574; x_wconf 89' lang='lat' dir='ltr'>ut</span> <span class='ocrx_word' id='word_1_378' title='bbox 2110 3505 2205 3575; x_wconf 87' lang='lat' dir='ltr'>nulla</span> <span class='ocrx_word' id='word_1_379' title='bbox 2226 3521 2385 3578; x_wconf 86' lang='lat' dir='ltr'>creatura</span> <span class='ocrx_word' id='word_1_380' title='bbox 2413 3506 2492 3577; x_wconf 86' lang='lat' dir='ltr'>illas</span> 
     </span>
    </p>
   </div>
   <div class='ocr_carea' id='block_1_4' title="bbox 544 3593 2493 3786">
    <p class='ocr_par' dir='ltr' id='par_1_4' title="bbox 544 3593 2493 3786">
     <span class='ocr_line' id='line_1_32' title="bbox 544 3593 2493 3704; baseline -0.006 -30"><span class='ocrx_word' id='word_1_381' title='bbox 544 3695 550 3701; x_wconf 86' lang='lat'><em>.</em></span> <span class='ocrx_word' id='word_1_382' title='bbox 648 3611 784 3680; x_wconf 75' lang='lat' dir='ltr'>fuerunt</span> <span class='ocrx_word' id='word_1_383' title='bbox 804 3616 887 3681; x_wconf 61' lang='lat' dir='ltr'>ritus</span> <span class='ocrx_word' id='word_1_384' title='bbox 910 3626 1061 3702; x_wconf 62' lang='lat' dir='ltr'>tempor,</span> <span class='ocrx_word' id='word_1_385' title='bbox 1080 3615 1258 3698; x_wconf 59' lang='lat' dir='ltr'>Abram,</span> <span class='ocrx_word' id='word_1_386' title='bbox 1367 3618 1457 3704; x_wconf 57' lang='lat' dir='ltr'>,pud</span> <span class='ocrx_word' id='word_1_387' title='bbox 1510 3616 1651 3664; x_wconf 67' lang='lat' dir='ltr'>canens</span> <span class='ocrx_word' id='word_1_388' title='bbox 1678 3593 1866 3702; x_wconf 73' lang='lat' dir='ltr'>intelligere</span> <span class='ocrx_word' id='word_1_389' title='bbox 1891 3596 2019 3701; x_wconf 70' lang='lat' dir='ltr'>possit,</span> <span class='ocrx_word' id='word_1_390' title='bbox 2050 3594 2126 3701; x_wconf 46' lang='lat' dir='ltr'>imo·</span> <span class='ocrx_word' id='word_1_391' title='bbox 2148 3597 2215 3661; x_wconf 88' lang='lat' dir='ltr'>ieta</span> <span class='ocrx_word' id='word_1_392' title='bbox 2240 3597 2408 3684; x_wconf 62' lang='lat' dir='ltr'>sepiem</span> <span class='ocrx_word' id='word_1_393' title='bbox 2428 3598 2493 3664; x_wconf 88' lang='lat' dir='ltr'>erit</span> 
     </span>
     <span class='ocr_line' id='line_1_33' title="bbox 647 3683 2208 3786; baseline -0.012 -20"><span class='ocrx_word' id='word_1_394' title='bbox 647 3697 855 3786; x_wconf 77' lang='lat' dir='ltr'>Apostolos:</span> <span class='ocrx_word' id='word_1_395' title='bbox 1510 3683 1671 3753; x_wconf 84' lang='lat' dir='ltr'>discenda</span> <span class='ocrx_word' id='word_1_396' title='bbox 1691 3696 1811 3771; x_wconf 89' lang='lat' dir='ltr'>postea</span> <span class='ocrx_word' id='word_1_397' title='bbox 1831 3704 1865 3748; x_wconf 90' lang='lat' dir='ltr'>rn</span> <span class='ocrx_word' id='word_1_398' title='bbox 1888 3701 1978 3748; x_wconf 90' lang='lat' dir='ltr'>omm</span> <span class='ocrx_word' id='word_1_399' title='bbox 1998 3691 2208 3748; x_wconf 81' lang='lat' dir='ltr'>aetemrtate.</span> 
     </span>
    </p>
   </div>
   <div class='ocr_carea' id='block_1_5' title="bbox 605 3767 2013 3869">
    <p class='ocr_par' dir='ltr' id='par_1_5' title="bbox 605 3767 2013 3869">
     <span class='ocr_line' id='line_1_34' title="bbox 605 3767 2013 3869; baseline -0.011 -21"><span class='ocrx_word' id='word_1_400' title='bbox 605 3782 695 3869; x_wconf 71' lang='lat' dir='ltr'>Erpa</span> <span class='ocrx_word' id='word_1_401' title='bbox 712 3808 776 3849; x_wconf 77' lang='lat' dir='ltr'>aaa</span> <span class='ocrx_word' id='word_1_402' title='bbox 797 3794 844 3849; x_wconf 74' lang='lat' dir='ltr'>ert</span> <span class='ocrx_word' id='word_1_403' title='bbox 864 3787 985 3854; x_wconf 80' lang='lat' dir='ltr'>dietae.</span> <span class='ocrx_word' id='word_1_404' title='bbox 1594 3769 1692 3838; x_wconf 83' lang='lat' dir='ltr'>Nunc</span> <span class='ocrx_word' id='word_1_405' title='bbox 1714 3772 1756 3838; x_wconf 92' lang='lat' dir='ltr'>de</span> <span class='ocrx_word' id='word_1_406' title='bbox 1778 3767 2013 3856; x_wconf 75' lang='lat' dir='ltr'>applicatione.</span> 
     </span>
    </p>
   </div>
   <div class='ocr_carea' id='block_1_6' title="bbox 562 3923 2280 4112">
    <p class='ocr_par' dir='ltr' id='par_1_6' title="bbox 562 3923 2280 4112">
     <span class='ocr_line' id='line_1_35' title="bbox 562 3923 2280 4112; baseline -0.002 -19"><span class='ocrx_word' id='word_1_407' title='bbox 562 3923 1456 4112; x_wconf 62' lang='lat' dir='ltr'>arrianista·,retrorsus</span> <span class='ocrx_word' id='word_1_408' title='bbox 1715 3962 1936 4068; x_wconf 67' lang='lat' dir='ltr'>Quomodo</span> <span class='ocrx_word' id='word_1_409' title='bbox 1965 3963 2015 4046; x_wconf 71' lang='lat' dir='ltr'>fit</span> <span class='ocrx_word' id='word_1_410' title='bbox 2039 3961 2280 4075; x_wconf 57' lang='lat' dir='ltr'>acerete</span> 
     </span>
    </p>
   </div>
   <div class='ocr_carea' id='block_1_7' title="bbox 474 4047 2490 4457">
    <p class='ocr_par' dir='ltr' id='par_1_7' title="bbox 474 4047 2490 4365">
     <span class='ocr_line' id='line_1_36' title="bbox 499 4047 554 4094; baseline 0 -2"><span class='ocrx_word' id='word_1_411' title='bbox 499 4047 554 4094; x_wconf 84' lang='lat' dir='ltr'>ara</span> 
     </span>
     <span class='ocr_line' id='line_1_37' title="bbox 476 4047 2490 4200; baseline 0.001 -22"><span class='ocrx_word' id='word_1_412' title='bbox 476 4047 658 4180; x_wconf 69' lang='lat' dir='ltr'>leolam</span> <span class='ocrx_word' id='word_1_413' title='bbox 671 4114 783 4179; x_wconf 88' lang='lat' dir='ltr'>onitas</span> <span class='ocrx_word' id='word_1_414' title='bbox 804 4133 872 4180; x_wconf 86' lang='lat' dir='ltr'>nen</span> <span class='ocrx_word' id='word_1_415' title='bbox 891 4126 944 4181; x_wconf 88' lang='lat' dir='ltr'>est</span> <span class='ocrx_word' id='word_1_416' title='bbox 965 4116 999 4180; x_wconf 90' lang='lat' dir='ltr'>in</span> <span class='ocrx_word' id='word_1_417' title='bbox 1019 4114 1149 4189; x_wconf 84' lang='lat' dir='ltr'>ritibus,</span> <span class='ocrx_word' id='word_1_418' title='bbox 1166 4115 1228 4182; x_wconf 87' lang='lat' dir='ltr'>sed</span> <span class='ocrx_word' id='word_1_419' title='bbox 1240 4118 1338 4182; x_wconf 87' lang='lat' dir='ltr'>estin</span> <span class='ocrx_word' id='word_1_420' title='bbox 1350 4117 1454 4183; x_wconf 84' lang='lat' dir='ltr'>verbo</span> <span class='ocrx_word' id='word_1_421' title='bbox 1595 4112 1809 4200; x_wconf 85' lang='lat' dir='ltr'>Respondeo.</span> <span class='ocrx_word' id='word_1_422' title='bbox 1830 4112 1923 4193; x_wconf 82' lang='lat' dir='ltr'>Fide,</span> <span class='ocrx_word' id='word_1_423' title='bbox 1945 4130 2028 4177; x_wconf 82' lang='lat' dir='ltr'>vera</span> <span class='ocrx_word' id='word_1_424' title='bbox 2048 4110 2169 4178; x_wconf 89' lang='lat' dir='ltr'>iidacla</span> <span class='ocrx_word' id='word_1_425' title='bbox 2190 4107 2249 4176; x_wconf 88' lang='lat' dir='ltr'>lilii</span> <span class='ocrx_word' id='word_1_426' title='bbox 2270 4108 2337 4177; x_wconf 87' lang='lat' dir='ltr'>Dei</span> <span class='ocrx_word' id='word_1_427' title='bbox 2355 4112 2391 4179; x_wconf 91' lang='lat' dir='ltr'>in</span> <span class='ocrx_word' id='word_1_428' title='bbox 2409 4133 2490 4180; x_wconf 86' lang='lat' dir='ltr'>rere</span> 
     </span>
     <span class='ocr_line' id='line_1_38' title="bbox 477 4194 2489 4289; baseline -0.001 -25"><span class='ocrx_word' id='word_1_429' title='bbox 477 4194 556 4279; x_wconf 86' lang='lat' dir='ltr'>Dei,</span> <span class='ocrx_word' id='word_1_430' title='bbox 579 4199 657 4286; x_wconf 86' lang='lat' dir='ltr'>qnia</span> <span class='ocrx_word' id='word_1_431' title='bbox 677 4201 743 4265; x_wconf 84' lang='lat' dir='ltr'>ista</span> <span class='ocrx_word' id='word_1_432' title='bbox 764 4198 882 4285; x_wconf 88' lang='lat' dir='ltr'>politia</span> <span class='ocrx_word' id='word_1_433' title='bbox 904 4202 1048 4269; x_wconf 90' lang='lat' dir='ltr'>debebat</span> <span class='ocrx_word' id='word_1_434' title='bbox 1070 4219 1206 4268; x_wconf 84' lang='lat' dir='ltr'>manere</span> <span class='ocrx_word' id='word_1_435' title='bbox 1221 4221 1330 4289; x_wconf 85' lang='lat' dir='ltr'>nsque</span> <span class='ocrx_word' id='word_1_436' title='bbox 1342 4204 1387 4269; x_wconf 88' lang='lat' dir='ltr'>ad</span> <span class='ocrx_word' id='word_1_437' title='bbox 1398 4201 1457 4268; x_wconf 88' lang='lat' dir='ltr'>ad·</span> <span class='ocrx_word' id='word_1_438' title='bbox 1510 4200 1741 4268; x_wconf 84' lang='lat' dir='ltr'>conversione.</span> <span class='ocrx_word' id='word_1_439' title='bbox 1763 4197 1849 4266; x_wconf 88' lang='lat' dir='ltr'>&#39;lota</span> <span class='ocrx_word' id='word_1_440' title='bbox 1859 4195 2019 4285; x_wconf 90' lang='lat' dir='ltr'>impletio,</span> <span class='ocrx_word' id='word_1_441' title='bbox 2040 4194 2228 4283; x_wconf 79' lang='lat' dir='ltr'>quaefacta</span> <span class='ocrx_word' id='word_1_442' title='bbox 2240 4206 2366 4284; x_wconf 84' lang='lat' dir='ltr'>eatper</span> <span class='ocrx_word' id='word_1_443' title='bbox 2376 4196 2489 4279; x_wconf 78' lang='lat' dir='ltr'>tiliam,</span> 
     </span>
     <span class='ocr_line' id='line_1_39' title="bbox 474 4282 2488 4365; baseline -0 -14"><span class='ocrx_word' id='word_1_444' title='bbox 474 4296 611 4352; x_wconf 80' lang='lat' dir='ltr'>ventum</span> <span class='ocrx_word' id='word_1_445' title='bbox 633 4283 765 4365; x_wconf 76' lang='lat' dir='ltr'>Christi.</span> <span class='ocrx_word' id='word_1_446' title='bbox 1507 4283 1567 4353; x_wconf 85' lang='lat' dir='ltr'>illa</span> <span class='ocrx_word' id='word_1_447' title='bbox 1583 4284 1621 4352; x_wconf 86' lang='lat' dir='ltr'>fit</span> <span class='ocrx_word' id='word_1_448' title='bbox 1642 4285 1709 4352; x_wconf 88' lang='lat' dir='ltr'>lide</span> <span class='ocrx_word' id='word_1_449' title='bbox 1730 4286 1765 4351; x_wconf 89' lang='lat' dir='ltr'>ln</span> <span class='ocrx_word' id='word_1_450' title='bbox 1785 4287 1895 4352; x_wconf 89' lang='lat' dir='ltr'>nobis.</span> <span class='ocrx_word' id='word_1_451' title='bbox 1939 4284 2109 4364; x_wconf 76' lang='lat' dir='ltr'>laetificati</span> <span class='ocrx_word' id='word_1_452' title='bbox 2125 4282 2190 4363; x_wconf 71' lang='lat' dir='ltr'>fide</span> <span class='ocrx_word' id='word_1_453' title='bbox 2207 4303 2320 4365; x_wconf 76' lang='lat' dir='ltr'>pacare</span> <span class='ocrx_word' id='word_1_454' title='bbox 2332 4284 2488 4350; x_wconf 68' lang='lat' dir='ltr'>dudm.</span> 
     </span>
    </p>

    <p class='ocr_par' dir='ltr' id='par_1_8' title="bbox 1511 4367 2489 4457">
     <span class='ocr_line' id='line_1_40' title="bbox 1511 4367 2489 4457; baseline 0 -19"><span class='ocrx_word' id='word_1_455' title='bbox 1511 4370 1654 4456; x_wconf 88' lang='lat' dir='ltr'>Oportet</span> <span class='ocrx_word' id='word_1_456' title='bbox 1675 4391 1738 4437; x_wconf 91' lang='lat' dir='ltr'>nos</span> <span class='ocrx_word' id='word_1_457' title='bbox 1760 4372 1866 4439; x_wconf 86' lang='lat' dir='ltr'>verbo</span> <span class='ocrx_word' id='word_1_458' title='bbox 1887 4367 2138 4457; x_wconf 83' lang='lat' dir='ltr'>apprehendere</span> <span class='ocrx_word' id='word_1_459' title='bbox 2151 4368 2245 4435; x_wconf 87' lang='lat' dir='ltr'>-baec</span> <span class='ocrx_word' id='word_1_460' title='bbox 2266 4370 2489 4447; x_wconf 74' lang='lat' dir='ltr'>beneliciaet</span> 
     </span>
    </p>
   </div>
   <div class='ocr_carea' id='block_1_8' title="bbox 630 4451 2491 4694">
    <p class='ocr_par' dir='ltr' id='par_1_9' title="bbox 630 4451 2491 4694">
     <span class='ocr_line' id='line_1_41' title="bbox 630 4451 2491 4694; baseline -0.009 -68"><span class='ocrx_word' id='word_1_461' title='bbox 630 4490 706 4556; x_wconf 69' lang='lat'>⁸⁰¹⁸</span> <span class='ocrx_word' id='word_1_462' title='bbox 726 4495 798 4555; x_wconf 71' lang='lat'>”¹⁸⁶</span> <span class='ocrx_word' id='word_1_463' title='bbox 818 4493 938 4557; x_wconf 54' lang='grc' dir='ltr'>’Μ</span> <span class='ocrx_word' id='word_1_464' title='bbox 957 4495 1068 4577; x_wconf 58' lang='lat' dir='ltr'>aa</span> <span class='ocrx_word' id='word_1_465' title='bbox 1088 4495 1146 4556; x_wconf 64' lang='lat' dir='ltr'>,a</span> <span class='ocrx_word' id='word_1_466' title='bbox 1166 4492 1303 4576; x_wconf 48' lang='grc' dir='ltr'>ψ’·</span> <span class='ocrx_word' id='word_1_467' title='bbox 1508 4451 2491 4694; x_wconf 47' lang='lat' dir='ltr'>{ttitttitttttitagtirlitldiffi</span> 
     </span>
    </p>
   </div>
   <div class='ocr_carea' id='block_1_9' title="bbox 536 4615 2492 4830">
    <p class='ocr_par' dir='ltr' id='par_1_10' title="bbox 536 4615 2582 4830">
     <span class='ocr_line' id='line_1_42' title="bbox 565 4615 2490 4733; baseline -0.004 -29"><span class='ocrx_word' id='word_1_468' title='bbox 565 4615 741 4724; x_wconf 84' lang='lat' dir='ltr'>Quaero,</span> <span class='ocrx_word' id='word_1_469' title='bbox 778 4649 832 4704; x_wconf 90' lang='lat' dir='ltr'>an</span> <span class='ocrx_word' id='word_1_470' title='bbox 862 4620 999 4706; x_wconf 78' lang='lat' dir='ltr'>David</span> <span class='ocrx_word' id='word_1_471' title='bbox 1037 4622 1202 4704; x_wconf 84' lang='lat' dir='ltr'>solverit</span> <span class='ocrx_word' id='word_1_472' title='bbox 1231 4621 1366 4733; x_wconf 87' lang='lat' dir='ltr'>legem</span> <span class='ocrx_word' id='word_1_473' title='bbox 1477 4641 1589 4710; x_wconf 71' lang='lat' dir='ltr'>,tem</span> <span class='ocrx_word' id='word_1_474' title='bbox 1609 4641 1647 4697; x_wconf 85' lang='lat' dir='ltr'>ut</span> <span class='ocrx_word' id='word_1_475' title='bbox 1665 4629 1824 4696; x_wconf 80' lang='lat' dir='ltr'>fieremus</span> <span class='ocrx_word' id='word_1_476' title='bbox 1852 4630 1976 4695; x_wconf 76' lang='lat' dir='ltr'>tusciae</span> <span class='ocrx_word' id='word_1_477' title='bbox 1991 4626 2024 4692; x_wconf 82' lang='lat' dir='ltr'>D</span> <span class='ocrx_word' id='word_1_478' title='bbox 2058 4673 2069 4709; x_wconf 86' lang='lat'>,</span> <span class='ocrx_word' id='word_1_479' title='bbox 2100 4627 2135 4693; x_wconf 79' lang='lat' dir='ltr'>td</span> <span class='ocrx_word' id='word_1_480' title='bbox 2156 4639 2226 4733; x_wconf 71' lang='lat' dir='ltr'>est,</span> <span class='ocrx_word' id='word_1_481' title='bbox 2247 4639 2285 4694; x_wconf 80' lang='grc' dir='ltr'>ιι</span> <span class='ocrx_word' id='word_1_482' title='bbox 2304 4648 2372 4695; x_wconf 77' lang='lat' dir='ltr'>uos</span> <span class='ocrx_word' id='word_1_483' title='bbox 2394 4649 2490 4717; x_wconf 75' lang='lat' dir='ltr'>repn-</span> 
     </span>
     <span class='ocr_line' id='line_1_43' title="bbox 536 4712 2492 4830; baseline 0.002 -49"><span class='ocrx_word' id='word_1_484' title='bbox 536 4804 541 4816; x_wconf 90' lang='lat'><strong>.</strong></span> <span class='ocrx_word' id='word_1_485' title='bbox 813 4742 970 4826; x_wconf 58' lang='lat' dir='ltr'><strong>violans</strong></span> <span class='ocrx_word' id='word_1_486' title='bbox 1000 4737 1158 4830; x_wconf 59' lang='lat' dir='ltr'>emp,</span> <span class='ocrx_word' id='word_1_487' title='bbox 1403 4764 1416 4787; x_wconf 86' lang='lat'><strong><em>.</em></strong></span> <span class='ocrx_word' id='word_1_488' title='bbox 1507 4727 1655 4784; x_wconf 76' lang='lat' dir='ltr'>tarcum</span> <span class='ocrx_word' id='word_1_489' title='bbox 1681 4717 1759 4783; x_wconf 89' lang='lat' dir='ltr'>iusti</span> <span class='ocrx_word' id='word_1_490' title='bbox 1785 4727 1925 4821; x_wconf 87' lang='lat' dir='ltr'>propter</span> <span class='ocrx_word' id='word_1_491' title='bbox 1945 4716 2074 4802; x_wconf 89' lang='lat' dir='ltr'>ipsum,</span> <span class='ocrx_word' id='word_1_492' title='bbox 2103 4712 2236 4782; x_wconf 84' lang='lat' dir='ltr'>scllrcet</span> <span class='ocrx_word' id='word_1_493' title='bbox 2262 4715 2492 4801; x_wconf 85' lang='lat' dir='ltr'>imputatione,</span> 
     </span>
    </p>
   </div>
   <div class='ocr_carea' id='block_1_10' title="bbox 560 4799 2227 4977">
    <p class='ocr_par' dir='ltr' id='par_1_11' title="bbox 560 4799 2227 4977">
     <span class='ocr_line' id='line_1_44' title="bbox 1506 4799 2227 4889; baseline -0.004 -21"><span class='ocrx_word' id='word_1_494' title='bbox 1506 4813 1628 4889; x_wconf 88' lang='lat' dir='ltr'>poetes</span> <span class='ocrx_word' id='word_1_495' title='bbox 1647 4799 1863 4870; x_wconf 76' lang='lat' dir='ltr'>inchoatione</span> <span class='ocrx_word' id='word_1_496' title='bbox 1882 4813 1916 4868; x_wconf 87' lang='lat' dir='ltr'>et</span> <span class='ocrx_word' id='word_1_497' title='bbox 1933 4801 2227 4869; x_wconf 83' lang='lat' dir='ltr'>consummatione.</span> 
     </span>
     <span class='ocr_line' id='line_1_45' title="bbox 560 4875 1577 4977; baseline 0 -22"><span class='ocrx_word' id='word_1_498' title='bbox 560 4886 775 4977; x_wconf 81' lang='lat' dir='ltr'>Respondeo.</span> <span class='ocrx_word' id='word_1_499' title='bbox 819 4888 906 4957; x_wconf 83' lang='lat' dir='ltr'>Noa·</span> <span class='ocrx_word' id='word_1_500' title='bbox 952 4887 1100 4958; x_wconf 70' lang='lat' dir='ltr'>abolere</span> <span class='ocrx_word' id='word_1_501' title='bbox 1133 4890 1220 4955; x_wconf 89' lang='lat' dir='ltr'>enim</span> <span class='ocrx_word' id='word_1_502' title='bbox 1247 4886 1358 4976; x_wconf 73' lang='lat' dir='ltr'>legem</span> <span class='ocrx_word' id='word_1_503' title='bbox 1390 4901 1455 4970; x_wconf 92' lang='lat' dir='ltr'>est,</span> <span class='ocrx_word' id='word_1_504' title='bbox 1561 4875 1577 4904; x_wconf 68' lang='lat'>²</span> 
     </span>
    </p>
   </div>
   <div class='ocr_carea' id='block_1_11' title="bbox 471 4971 2267 5148">
    <p class='ocr_par' dir='ltr' id='par_1_12' title="bbox 471 4971 2267 5148">
     <span class='ocr_line' id='line_1_46' title="bbox 471 4971 2267 5076; baseline 0 -35"><span class='ocrx_word' id='word_1_505' title='bbox 471 4993 517 5041; x_wconf 88' lang='lat' dir='ltr'>ne</span> <span class='ocrx_word' id='word_1_506' title='bbox 538 4994 607 5042; x_wconf 92' lang='lat' dir='ltr'>non</span> <span class='ocrx_word' id='word_1_507' title='bbox 640 4975 685 5042; x_wconf 89' lang='lat' dir='ltr'>sit</span> <span class='ocrx_word' id='word_1_508' title='bbox 717 4986 755 5041; x_wconf 91' lang='lat' dir='ltr'>ut</span> <span class='ocrx_word' id='word_1_509' title='bbox 783 4973 981 5064; x_wconf 81' lang='lat' dir='ltr'>exemplum.</span> <span class='ocrx_word' id='word_1_510' title='bbox 1024 4975 1100 5042; x_wconf 81' lang='lat' dir='ltr'>Fuit</span> <span class='ocrx_word' id='word_1_511' title='bbox 1124 4976 1158 5043; x_wconf 89' lang='lat' dir='ltr'>in</span> <span class='ocrx_word' id='word_1_512' title='bbox 1181 4974 1305 5060; x_wconf 88' lang='lat' dir='ltr'>Sparta</span> <span class='ocrx_word' id='word_1_513' title='bbox 1325 4971 1398 5054; x_wconf 80' lang='lat' dir='ltr'>lex,</span> <span class='ocrx_word' id='word_1_514' title='bbox 1419 4987 1455 5043; x_wconf 86' lang='lat' dir='ltr'>nt</span> <span class='ocrx_word' id='word_1_515' title='bbox 1736 5007 1783 5076; x_wconf 67' lang='lat' dir='ltr'>m</span> <span class='ocrx_word' id='word_1_516' title='bbox 1809 4997 2065 5074; x_wconf 63' lang='lat' dir='ltr'>ppppfflmpg</span> <span class='ocrx_word' id='word_1_517' title='bbox 2097 5004 2267 5075; x_wconf 65' lang='lat' dir='ltr'>nomm</span> 
     </span>
     <span class='ocr_line' id='line_1_47' title="bbox 472 5058 1453 5148; baseline -0.003 -20"><span class='ocrx_word' id='word_1_518' title='bbox 472 5072 647 5129; x_wconf 88' lang='lat' dir='ltr'>uterentur</span> <span class='ocrx_word' id='word_1_519' title='bbox 675 5082 809 5130; x_wconf 88' lang='lat' dir='ltr'>nummo</span> <span class='ocrx_word' id='word_1_520' title='bbox 837 5060 965 5143; x_wconf 68' lang='lat' dir='ltr'>ferrem</span> <span class='ocrx_word' id='word_1_521' title='bbox 997 5074 1120 5148; x_wconf 85' lang='lat' dir='ltr'>postea</span> <span class='ocrx_word' id='word_1_522' title='bbox 1150 5058 1208 5130; x_wconf 86' lang='lat' dir='ltr'>lea</span> <span class='ocrx_word' id='word_1_523' title='bbox 1235 5073 1291 5129; x_wconf 87' lang='lat' dir='ltr'>eet</span> <span class='ocrx_word' id='word_1_524' title='bbox 1316 5058 1453 5128; x_wconf 73' lang='lat' dir='ltr'>abolita,</span> 
     </span>
    </p>
   </div>
   <div class='ocr_carea' id='block_1_12' title="bbox 471 5141 2279 5235">
    <p class='ocr_par' dir='ltr' id='par_1_13' title="bbox 471 5141 2279 5235">
     <span class='ocr_line' id='line_1_48' title="bbox 471 5141 2279 5235; baseline -0.005 -18"><span class='ocrx_word' id='word_1_525' title='bbox 471 5149 553 5217; x_wconf 82' lang='lat' dir='ltr'>item</span> <span class='ocrx_word' id='word_1_526' title='bbox 573 5145 635 5214; x_wconf 85' lang='lat' dir='ltr'>init</span> <span class='ocrx_word' id='word_1_527' title='bbox 661 5144 717 5215; x_wconf 84' lang='lat' dir='ltr'>lex</span> <span class='ocrx_word' id='word_1_528' title='bbox 738 5149 925 5235; x_wconf 85' lang='lat' dir='ltr'>pontificia,</span> <span class='ocrx_word' id='word_1_529' title='bbox 952 5161 991 5216; x_wconf 90' lang='lat' dir='ltr'>ot</span> <span class='ocrx_word' id='word_1_530' title='bbox 1010 5148 1207 5217; x_wconf 87' lang='lat' dir='ltr'>secerdotes</span> <span class='ocrx_word' id='word_1_531' title='bbox 1234 5167 1303 5214; x_wconf 92' lang='lat' dir='ltr'>non</span> <span class='ocrx_word' id='word_1_532' title='bbox 1331 5147 1455 5214; x_wconf 83' lang='lat' dir='ltr'>ducam</span> <span class='ocrx_word' id='word_1_533' title='bbox 1723 5141 1998 5234; x_wconf 74' lang='lat' dir='ltr'>Evangeliam</span> <span class='ocrx_word' id='word_1_534' title='bbox 2019 5142 2224 5211; x_wconf 82' lang='lat' dir='ltr'>Matthaei</span> <span class='ocrx_word' id='word_1_535' title='bbox 2245 5144 2279 5209; x_wconf 70' lang='lat'>2,</span> 
     </span>
    </p>
   </div>
   <div class='ocr_carea' id='block_1_13' title="bbox 472 5232 2308 5388">
    <p class='ocr_par' dir='ltr' id='par_1_14' title="bbox 472 5232 2308 5388">
     <span class='ocr_line' id='line_1_49' title="bbox 472 5232 2308 5388; baseline 0.008 -86"><span class='ocrx_word' id='word_1_536' title='bbox 472 5252 611 5302; x_wconf 82' lang='lat' dir='ltr'>uxores.</span> <span class='ocrx_word' id='word_1_537' title='bbox 653 5233 822 5303; x_wconf 75' lang='lat' dir='ltr'>lumem</span> <span class='ocrx_word' id='word_1_538' title='bbox 843 5233 946 5303; x_wconf 82' lang='lat' dir='ltr'>solvit</span> <span class='ocrx_word' id='word_1_539' title='bbox 966 5232 1061 5302; x_wconf 88' lang='lat' dir='ltr'>illam</span> <span class='ocrx_word' id='word_1_540' title='bbox 1081 5232 1200 5388; x_wconf 56' lang='grc' dir='ltr'><em>Ἥ</em></span> <span class='ocrx_word' id='word_1_541' title='bbox 1221 5234 1304 5300; x_wconf 83' lang='lat' dir='ltr'>dixit</span> <span class='ocrx_word' id='word_1_542' title='bbox 1325 5234 1454 5300; x_wconf 66' lang='lat' dir='ltr'>esseio</span> <span class='ocrx_word' id='word_1_543' title='bbox 1676 5263 1780 5349; x_wconf 45' lang='lat' dir='ltr'>(ms.</span> <span class='ocrx_word' id='word_1_544' title='bbox 1810 5263 1889 5333; x_wconf 66' lang='lat' dir='ltr'>vop,</span> <span class='ocrx_word' id='word_1_545' title='bbox 1912 5263 2034 5332; x_wconf 60' lang='lat' dir='ltr'>mv,</span> <span class='ocrx_word' id='word_1_546' title='bbox 2063 5288 2096 5352; x_wconf 70' lang='lat' dir='ltr'>p,</span> <span class='ocrx_word' id='word_1_547' title='bbox 2124 5263 2200 5330; x_wconf 68' lang='lat'>219-</span> <span class='ocrx_word' id='word_1_548' title='bbox 2216 5269 2308 5352; x_wconf 49' lang='grc' dir='ltr'>σῃ)</span> 
     </span>
    </p>
   </div>
   <div class='ocr_carea' id='block_1_14' title="bbox 471 5317 1454 5410">
    <p class='ocr_par' dir='ltr' id='par_1_15' title="bbox 471 5317 1454 5410">
     <span class='ocr_line' id='line_1_50' title="bbox 471 5317 1454 5410; baseline -0.001 -24"><span class='ocrx_word' id='word_1_549' title='bbox 471 5321 581 5386; x_wconf 82' lang='lat' dir='ltr'>ritem.</span> <span class='ocrx_word' id='word_1_550' title='bbox 626 5319 699 5383; x_wconf 83' lang='lat' dir='ltr'>Dae</span> <span class='ocrx_word' id='word_1_551' title='bbox 725 5324 769 5385; x_wconf 81' lang='lat' dir='ltr'>ot</span> <span class='ocrx_word' id='word_1_552' title='bbox 796 5320 933 5390; x_wconf 82' lang='lat' dir='ltr'>solvere</span> <span class='ocrx_word' id='word_1_553' title='bbox 953 5320 1075 5410; x_wconf 78' lang='lat' dir='ltr'>legem.</span> <span class='ocrx_word' id='word_1_554' title='bbox 1197 5320 1231 5388; x_wconf 92' lang='lat' dir='ltr'>id</span> <span class='ocrx_word' id='word_1_555' title='bbox 1251 5340 1319 5386; x_wconf 89' lang='lat' dir='ltr'>non</span> <span class='ocrx_word' id='word_1_556' title='bbox 1340 5317 1454 5386; x_wconf 86' lang='lat' dir='ltr'>solve·</span> 
     </span>
    </p>
   </div>
   <div class='ocr_carea' id='block_1_15' title="bbox 470 5401 2497 5670">
    <p class='ocr_par' dir='ltr' id='par_1_16' title="bbox 470 5401 2497 5670">
     <span class='ocr_line' id='line_1_51' title="bbox 472 5401 2497 5507; baseline -0.001 -33"><span class='ocrx_word' id='word_1_557' title='bbox 472 5407 533 5474; x_wconf 91' lang='lat' dir='ltr'>bat</span> <span class='ocrx_word' id='word_1_558' title='bbox 552 5404 673 5495; x_wconf 77' lang='lat' dir='ltr'>legem.</span> <span class='ocrx_word' id='word_1_559' title='bbox 695 5408 827 5476; x_wconf 80' lang='lat' dir='ltr'>etiamsi</span> <span class='ocrx_word' id='word_1_560' title='bbox 847 5407 976 5475; x_wconf 88' lang='lat' dir='ltr'>lecerat</span> <span class='ocrx_word' id='word_1_561' title='bbox 996 5421 1114 5475; x_wconf 87' lang='lat' dir='ltr'>contre</span> <span class='ocrx_word' id='word_1_562' title='bbox 1130 5405 1251 5496; x_wconf 68' lang='lat' dir='ltr'>legem.</span> <span class='ocrx_word' id='word_1_563' title='bbox 1294 5405 1381 5473; x_wconf 82' lang='lat' dir='ltr'>llam</span> <span class='ocrx_word' id='word_1_564' title='bbox 1397 5402 1454 5472; x_wconf 88' lang='lat' dir='ltr'>lex</span> <span class='ocrx_word' id='word_1_565' title='bbox 1572 5402 1676 5472; x_wconf 86' lang='lat' dir='ltr'>-Dies</span> <span class='ocrx_word' id='word_1_566' title='bbox 1714 5402 1770 5471; x_wconf 89' lang='lat' dir='ltr'>bio</span> <span class='ocrx_word' id='word_1_567' title='bbox 1805 5405 1994 5507; x_wconf 76' lang='lat' dir='ltr'>nominetur</span> <span class='ocrx_word' id='word_1_568' title='bbox 2031 5401 2218 5486; x_wconf 76' lang='lat' dir='ltr'>Epipimia</span> <span class='ocrx_word' id='word_1_569' title='bbox 2258 5403 2497 5493; x_wconf 79' lang='lat' dir='ltr'>principaliter</span> 
     </span>
     <span class='ocr_line' id='line_1_52' title="bbox 471 5486 2494 5600; baseline 0.001 -40"><span class='ocrx_word' id='word_1_570' title='bbox 471 5504 597 5600; x_wconf 77' lang='lat' dir='ltr'>maaet,</span> <span class='ocrx_word' id='word_1_571' title='bbox 614 5504 664 5600; x_wconf 41' lang='lat' dir='ltr'>&#39;et</span> <span class='ocrx_word' id='word_1_572' title='bbox 696 5503 833 5599; x_wconf 80' lang='lat' dir='ltr'>propter</span> <span class='ocrx_word' id='word_1_573' title='bbox 864 5495 963 5562; x_wconf 85' lang='lat' dir='ltr'>istam</span> <span class='ocrx_word' id='word_1_574' title='bbox 993 5493 1207 5562; x_wconf 82' lang='lat' dir='ltr'>violationem</span> <span class='ocrx_word' id='word_1_575' title='bbox 1232 5491 1320 5580; x_wconf 68' lang='lat' dir='ltr'>legia</span> <span class='ocrx_word' id='word_1_576' title='bbox 1341 5489 1454 5560; x_wconf 82' lang='lat' dir='ltr'>Darid</span> <span class='ocrx_word' id='word_1_577' title='bbox 1528 5500 1642 5577; x_wconf 87' lang='lat' dir='ltr'>ropter</span> <span class='ocrx_word' id='word_1_578' title='bbox 1679 5492 1876 5598; x_wconf 72' lang='lat' dir='ltr'>bamiemam</span> <span class='ocrx_word' id='word_1_579' title='bbox 1903 5486 2045 5569; x_wconf 79' lang='lat' dir='ltr'>Gbnsti,</span> <span class='ocrx_word' id='word_1_580' title='bbox 2080 5501 2219 5576; x_wconf 84' lang='lat' dir='ltr'>propter</span> <span class='ocrx_word' id='word_1_581' title='bbox 2243 5493 2494 5575; x_wconf 82' lang='lat' dir='ltr'>apparitionem</span> 
     </span>
     <span class='ocr_line' id='line_1_53' title="bbox 470 5574 1807 5670; baseline -0.002 -25"><span class='ocrx_word' id='word_1_582' title='bbox 470 5575 676 5667; x_wconf 76' lang='lat' dir='ltr'>ltorrrbilrter</span> <span class='ocrx_word' id='word_1_583' title='bbox 695 5591 844 5670; x_wconf 79' lang='lat' dir='ltr'>pautur·</span> <span class='ocrx_word' id='word_1_584' title='bbox 1553 5597 1594 5646; x_wconf 87' lang='lat' dir='ltr'>us</span> <span class='ocrx_word' id='word_1_585' title='bbox 1617 5574 1807 5644; x_wconf 80' lang='lat' dir='ltr'>diriartails.</span> 
     </span>
    </p>
   </div>
   <div class='ocr_carea' id='block_1_16' title="bbox 0 0 2972 6709">
    <p class='ocr_par' dir='ltr' id='par_1_17' title="bbox 0 0 2972 6709">
     <span class='ocr_line' id='line_1_54' title="bbox 0 0 2972 6709; baseline 0 1"><span class='ocrx_word' id='word_1_586' title='bbox 0 0 2972 6709; x_wconf 95' lang='lat' dir='ltr'> </span> 
     </span>
    </p>
   </div>
  </div>
 </body>
</html>
