5934 6709
541 754 585 820 39
1173 750 1414 837 vuillelmi.
1440 746 1630 821 semera
1650 752 1913 820 susurres.
2453 784 2455 789 ’
2503 756 2547 821 40

527 929 726 1033 Potestne
764 947 1024 1061 Philosophia
1055 947 1153 1030 satis
1198 947 1398 1060 explicare
1435 949 1514 1034 ista
1565 961 1627 1007 seu
1648 960 1778 1026 poenas
1799 943 1960 1045 atrocium
1982 939 2159 1021 scelerum,
2181 942 2243 1006 sed
2266 953 2344 1008 sunt
2364 895 2547 1029 aliquando

1432 1064 1435 1069 ·
1566 1027 1740 1108 δοκιμασία,
1772 1037 1831 1093 aut
1856 1052 2024 1113 μαρτυριοι.
2090 1027 2145 1092 An
2183 1025 2275 1092 valet
2312 1028 2397 1095 haec
2430 1049 2546 1094 conse»

866 1130 892 1184 a
922 1100 1190 1213 argumenta?
1566 1115 1716 1198 quentia:

617 1279 831 1366 Respondeo.
887 1282 978 1347 Vera
1000 1293 1034 1346 et
1055 1250 1166 1347 solida
1194 1279 1371 1367 explicatio
1394 1284 1515 1351 doctri·
1694 1236 1761 1389 ἔξω
1780 1235 1947 1383 Μεῖεξῠῖ
1964 1234 2358 1382 mmqul‘lmwm‘

530 1386 595 1433 nae
617 1367 660 1431 de
681 1387 782 1433 cruce
804 1378 837 1432 et
858 1363 1114 1446 afflictionibus,
1147 1377 1200 1431 est
1217 1369 1387 1452 'sapientia
1408 1365 1516 1434 solius
1740 1337 1784 1398 9⁰
1806 1336 1841 1383 ω
1947 1327 2018 1384 cm
2038 1338 2061 1383 α
2117 1338 2178 1385 ω’

529 1451 706 1518 Ecclesiae
727 1455 875 1537 propria.
911 1451 1147 1537 ¹Philosophia
1179 1472 1248 1517 non
1275 1450 1429 1540 intelligit
1485 1475 1516 1518 e
1653 1452 1865 1537 Respondeo.
1908 1451 2005 1516 Ratio
2039 1453 2089 1516 sic
2120 1452 2254 1533 iudicat,
2284 1463 2318 1517 ct
2344 1471 2396 1520 est
2423 1476 2547 1544 magna

529 1554 614 1603 nera
649 1535 892 1616 afflictionum,
934 1557 1000 1602 nec
1038 1539 1194 1626 agnoscit
1235 1537 1324 1604 hanc
1361 1474 1516 1605 consola·
1566 1539 1652 1604 haec
1675 1539 1824 1603 tentatio.
1869 1534 2083 1603 calamitates
2104 1535 2203 1602 valde
2224 1551 2360 1603 movent
2381 1540 2546 1623 homines,

529 1625 673 1703 tionem,
703 1624 810 1709 quod,
843 1624 942 1688 etiarn
963 1642 1039 1687 cum
1065 1643 1245 1689 aerumnae
1277 1635 1356 1689 sunt
1386 1644 1516 1711 poenae
1566 1635 1605 1691 ut
1626 1624 1775 1711 cogitent
1796 1643 1835 1687 sc
1850 1620 1993 1690 relictos
2016 1644 2095 1688 csse
2117 1645 2139 1688 a
2157 1622 2245 1701 Deo,
2267 1635 2301 1688 et
2322 1625 2374 1688 sic
2395 1625 2547 1692 Philoso-

408 1740 416 1751 ν
529 1721 765 1793 peccatorum,
797 1721 909 1775 tamen
940 1705 1042 1775 nomo
1070 1730 1140 1775 uon
1169 1712 1213 1775 sit
1234 1722 1413 1796 propterea
1432 1713 1515 1777 reie·
1590 1710 1646 1774 hia
1678 1709 1803 1775 iudicat
1835 1710 2018 1774 secundum
2051 1706 2170 1793 legem.
2237 1706 2306 1774 Sed
2326 1708 2547 1798 Evangelium

530 1805 605 1860 ctus
628 1814 649 1860 a
669 1794 755 1862 Deo·
1522 1886 1525 1889 ι
1566 1732 1666 1860 hocet
1687 1794 2229 1879 consequentiamessevitiosam3
2252 1796 2329 1879 quia
2350 1800 2447 1863 etiam
2471 1821 2547 1865 cum

1566 1901 1681 1945 sumus
1704 1882 1738 1945 iu
1758 1882 1889 1966 magnis
1911 1882 2029 1962 poenis
2050 1881 2202 1945 attractis
2224 1892 2341 1946 nostra
2363 1881 2476 1968 culpa,
2497 1897 2546 1951 ta·

1563 1987 1641 2031 men
1652 1963 1807 2030 Ecclesia
1826 1963 1997 2051 affligitur,
2019 1986 2086 2030 non
2108 1976 2145 2030 ut
2166 1981 2292 2049 pereat,
2316 1968 2376 2033 sed
2386 1982 2424 2034 ut
2442 1981 2545 2036 retra

1564 2051 1664 2117 hatur
1685 2052 1729 2116 ad
1749 2053 1995 2136 poenitentiam.

672 2122 754 2224 Qui
784 2136 879 2206 sunt
907 2123 1058 2234 gradm
1087 2121 1380 2210 afflictionum?

616 2303 834 2388 Respondes.
891 2303 1059 2378 Quatuor:
1091 2302 1222 2374 Primus
1249 2313 1319 2384 est,
1355 2306 1515 2389 Τιμωριαι

528 2399 576 2469 ut,
597 2409 707 2473 poena
727 2388 870 2455 Davidis
893 2400 970 2472 post
990 2386 1199 2456 adulterium.
1253 2388 1291 2455 ln
1319 2388 1386 2455 hoc
1407 2392 1513 2474 primo
1783 2377 1868 2463 Ubi
1899 2390 1961 2460 est
1989 2379 2069 2460 hoc
2105 2380 2324 2490 seriptum?

528 2496 654 2562 genere
675 2472 765 2541 valet
786 2486 1035 2561 argumentum

662 2598 782 2661 Omnes
815 2598 971 2660 mem,
1007 2602 1131 2661 mm
1162 2598 1281 2661 delato
1312 2597 1514 2661 mmm
1656 2560 2069 2643 Corripimurslicmr'no,
2092 2580 2161 2625 ιιιιιι
2182 2561 2382 2642 iudicemus,
2411 2583 2453 2629 ne
2474 2585 2546 2632 cum

703 2687 850 2761 ,mom
870 2685 1090 2746 mmmm.
1563 2648 1625 2710 boc
1645 2647 1763 2710 mundo
1784 2648 1993 2711 damnatum
2025 2646 2056 2709 id
2082 2656 2145 2723 est,
2178 2645 2253 2709 ideo
2274 2649 2489 2732 castigamur,
2509 2663 2546 2716 ut

657 2770 766 2832 Dm
784 2769 882 2831 kam
901 2771 1025 2832 mm
1045 2729 1182 2832 mm:
1394 2800 1398 2810 ,
1564 2730 1774 2795 retrahamur
1793 2731 1838 2795 ad
1858 2731 2102 2812 poenitentiam.
2147 2729 2260 2795 David
2282 2737 2476 2818 castigatur,
2509 2749 2544 2801 ιιι

613 2982 678 3048 Hic
698 2980 884 3068 proc'es'sus
907 2982 996 3050 valet
1017 2986 1050 3049 in
1072 2986 1178 3069 prima
1199 2982 1334 3073 Figura,
1356 2983 1390 3048 ln
1410 2986 1512 3049 modo
1564 2988 1698 3071 stigatio
1720 2984 1813 3063 facit,
1833 2999 1871 3050 ιιι
1887 2981 2029 3050 clament
2049 2988 2093 3050 ad
2115 2995 2158 3052 tc.

527 3068 635 3153 Darii,
658 3081 823 3134 ettamen
845 3068 957 3136 David
989 3091 1058 3134 non
1092 3082 1143 3134 cst
1176 3071 1350 3136 damnatus
1375 3080 1514 3155 propter
1641 3071 1738 3135 Hanc
1750 3089 1907 3135 caussam
1918 3068 2049 3135 finalem
2062 3070 2284 3137 calamitatum
2296 3092 2429 3158 semper
2444 3095 2543 3158 opor·

527 3177 672 3241 poenam
694 3156 805 3232 istam,
827 3175 847 3219 a
872 3176 933 3219 ens
955 3154 1200 3241 phenitentiam.
1238 3156 1307 3220 lmo
1325 3167 1395 3221 tum
1415 3176 1512 3240 prae·
1563 3166 1612 3220 tet
1631 3156 1751 3221 intueri
1771 3155 1807 3219 in
1827 3153 2075 3235 afflictionibus,
2099 3157 2198 3222 etiam
2219 3178 2294 3223 cum
2317 3158 2543 3243 culpancstra

528 3243 624 3325 cipue
646 3239 736 3305 lucet
759 3241 830 3304 eiu's
849 3177 946 3306 hdes·
1002 3243 1052 3307 lla
1073 3242 1197 3306 caeteri
1225 3253 1364 3328 agentes
1397 3243 1513 3326 poeni·
1563 3244 1761 3306 attraximus
1782 3260 1942 3324 poenam3
1964 3238 2135 3315 videlicet,
2156 3255 2193 3308 ut
2215 3242 2467 3310 commonefacti
2488 3266 2543 3310 ca-

527 3329 664 3392 tentiam
685 3338 719 3391 et
746 3336 972 3391 sustentantes
1007 3347 1047 3392 sa
1068 3328 1144 3412 fide,
1177 3337 1353 3394 nonaum
1384 3329 1512 3405 reiecti,
1563 3328 1742 3411 stigatione
1765 3326 1893 3404 divine,
1926 3329 2176 3413 resipiscamus,
2202 3342 2353 3414 petamus
2375 3329 2542 3410 auxilium,

528 3413 656 3478 etiamsi
679 3413 813 3475 suntin
835 3409 1033 3476 calamitate.
1488 3482 1491 3487 ,
1563 3423 1778 3478 et-crescaut
1798 3413 1832 3477 in
1854 3413 1953 3479 nubis
1975 3415 2073 3481 timor
2094 3414 2170 3493 Dei,
2202 3415 2298 3494 fides,
2333 3430 2366 3482 et
2390 3427 2543 3483 caeterae

614 3496 805 3561 Secundum
838 3516 945 3579 genus
976 3493 1211 3576 afflictionum,
1243 3507 1298 3561 est
1329 3498 1512 3577 Δικιμασια,
1562 3498 1715 3563 virtutes.

526 3593 566 3650 ut
598 3579 770 3646 calarmtas
803 3579 954 3671 loseph,
976 3602 1076 3667 quem
1107 3579 1179 3647 vult
1206 3580 1301 3647 Deus
1335 3584 1369 3646 in
1395 3594 1512 3647 aetate
1650 3583 1808 3648 Sciamus
1821 3584 1928 3655 ‚etium
1949 3581 2057 3647 Deum
2078 3582 2145 3646 hoc
2167 3581 2265 3661 velle,
2288 3585 2544 3650 etseverissime

527 3666 663 3735 iuvenili
695 3684 871 3738 exercere,
904 3679 939 3733 et
970 3686 1174 3755 praeparare
1204 3668 1249 3733 ad
1281 3686 1337 3733 res
1370 3688 1511 3753 magnas
1562 3668 1736 3746 mandare,
1768 3678 1805 3731 ut
1831 3668 2004 3750 inpoenis
2027 3667 2247 3730 etaerumuis
2271 3666 2443 3750 adipsum
2464 3688 2543 3733 con-

528 3754 707 3841 gerendas.
1562 3750 1744 3838 fugiamus:
1764 3762 1918 3834 petamus
1940 3761 1972 3814 et
1994 3770 2166 3832 speremus
2184 3751 2225 3815 ab
2248 3752 2324 3834 ipso
2346 3767 2459 3834 opem,
2481 3757 2545 3819 sic-

613 3838 762 3903 'l'ertium
795 3856 919 3927 genus,
955 3846 1009 3903 est
1029 3837 1223 3924 Μαρτύριον,
1256 3848 1293 3903 ut
1312 3836 1512 3927 supplicium
1564 3850 1600 3903 ut
1621 3839 1654 3901 in
1676 3834 1810 3900 Psalmo
1832 3836 2045 3917 praecipitur:
2068 3839 2184 3900 Inuoco
2204 3856 2253 3901 aee
2274 3842 2310 3901 ιἰι
2330 3842 2384 3902 die
2412 3842 2543 3904 tribula·
2603 3847 2608 3855 '

527 3922 662 4002 Esaiae,
684 3924 738 4008 qui
756 3924 896 3988 servivit
913 3922 947 3987 in
964 3922 1031 3989 isto
1048 3922 1173 4007 populo
1192 3923 1235 3990 80
1251 3943 1370 4003 annos,
1392 3924 1534 4010 postea·
1564 3925 1672 4000 tinnis,
1686 3933 1722 3988 et
1739 3929 1876 4005 emptam
1899 3931 1940 3986 te.
2001 3918 2099 3997 item,
2135 3922 2204 3987 Vico
2225 3941 2295 4005 epo,
2316 3927 2390 3987 nolo
2411 3934 2543 3990 mortem

527 4029 624 4075 serra
643 4010 810 4075 dissectus
828 4020 891 4079 est.
928 4008 1005 4073 Non
1021 4006 1083 4074 fuit
1100 4011 1130 4075 ei
1148 4012 1214 4087 iem
1230 4008 1482 4095 spesiosam
1502 4059 1509 4074 .
1536 4015 1749 4091 ,peccatoria
1770 4009 1832 4072 sed
1850 4016 1887 4070 ιιι
1907 4015 2119 4069 convertatur
2141 4017 2174 4070 et
2195 4007 2294 4072 vivat.
2339 4007 2439 4085 item,
2465 4013 2541 4074 Gra·

527 4092 734 4161 Excesserat
755 4115 877 4159 annum
901 4092 988 4174 100„
1022 4095 1084 4159 sed
1116 4096 1189 4169 eius
1222 4116 1314 4161 mors
1346 4108 1400 4181 est
1417 4100 1513 4175 'testr-
1564 4100 1610 4159 tic
1632 4096 1790 4157 exuberat
1810 4110 1914 4174 surpra
1933 4094 2061 4156 delicta.
2104 4089 2185 4155 item
2206 4092 2265 4156 lob
2288 4093 2408 4179 inquit:
2436 4097 2542 4161 Etiam

527 4182 674 4247 monium
706 4190 740 4244 et
774 4180 945 4245 consessio
981 4180 1186 4267 doctrinaea
1213 4180 1258 4263 Et
1296 4182 1397 4247 c'redo
1416 4250 1418 4255 ,
1438 4201 1513 4247 eum
1563 4181 1595 4244 si
1613 4181 1768 4244 ccctdmt
1787 4196 1849 4257 me,
1871 4185 1980 4242 tumen
2001 4179 2141 4259 ιρινιιιιι
2161 4183 2197 4242 in
2218 4197 2300 4243 eum.

527 4262 646 4332 tulisse
685 4263 790 4331 multo
832 4266 978 4331 maiores
1012 4264 1289 4346 dolores''antea,
1317 4288 1395 4333 cum
1426 4268 1513 4335 rexit
1650 4258 1748 4327 lianc
1769 4263 1938 4327 discamus
1961 4280 2038 4327 esse
2059 4261 2264 4327 voluntatem
2285 4262 2350 4327 Dei
2371 4274 2541 4329 aeternam

527 4350 700 4437 populum,
722 4372 821 4436 quam
844 4372 921 4417 curn
943 4372 1037 4417 serra
1059 4348 1228 4425 dissectus
1251 4363 1314 4417 est.
1562 4360 1597 4414 et
1617 4349 1796 4427 immotam,
1816 4360 1854 4413 ut
1871 4367 2004 4431 semper
2025 4348 2068 4412 ad
2091 4369 2165 4413 eum
2188 4360 2435 4428 convertamur,
2469 4352 2542 4414 sive

613 4430 777 4511 Quartum
801 4447 854 4501 est
877 4435 995 4524 timor.
1039 4435 1123 4503 Tale
1144 4447 1198 4504 est
1219 4435 1326 4504 solius
1353 4434 1428 4503 Filii
1447 4436 1514 4504 Dei
1560 4437 1597 4502 in
1618 4437 1775 4500 secundis
1797 4430 1912 4513 rebus,
1932 4436 2004 4499 sive
2024 4434 2057 4497 in
2080 4435 2243 4499 adversis.

526 4523 643 4610 passio
666 4533 699 4587 et
718 4541 822 4587 mors.
887 4514 890 4539 '
1365 4532 1370 4549 ⁵
1648 4521 1800 4587 Sciamus
1832 4522 1909 4585 item
1941 4520 2131 4585 mandatum
2158 4518 2223 4583 Dei
2244 4519 2414 4583 immotum
2432 4528 2466 4584 et
2486 4539 2541 4585 ac

611 4607 685 4673 Hos
719 4608 844 4694 gradus
876 4603 1096 4674 afflictionum
1127 4608 1261 4695 ignorat
1282 4604 1513 4694 Philosophia,
1561 4616 1693 4671 ternum
1715 4626 1805 4682 esse,
1826 4615 1864 4669 ut
1886 4607 2061 4670 credamus
2081 4607 2116 4670 in
2137 4601 2266 4683 Filium,
2290 4602 2541 4671 sicutPsalmus

527 4695 616 4759 sicut
638 4696 737 4760 etiam
754 4712 897 4758 caussas
919 4704 953 4759 et
973 4694 1120 4760 remedia
1147 4692 1311 4759 mulorum
1337 4696 1512 4759 nonsatis
1563 4692 1683 4777 inquit:
1718 4697 1913 4758 orcummtnt
1943 4692 2070 4757 Friirtm.
2115 4689 2373 4755 Promissionem
2406 4710 2541 4776 quoque

525 4780 630 4845 novit.
684 4779 740 4844 De
761 4798 828 4867 quo
846 4776 924 4844 alibi
948 4798 1051 4864 saepe
1072 4780 1223 4844 diximus.
1288 4779 1386 4844 Nunc
1407 4780 1511 4848 redeo
1564 4778 1690 4865 gratiae
1711 4779 1857 4843 sciamus
1879 4795 2039 4861 superare
2051 4795 2166 4842 omnes
2188 4774 2271 4841 alias
2288 4776 2541 4860 promissiones,

526 4867 570 4931 ad
602 4877 845 4952 argumentum,
878 4867 974 4932 cuius
1003 4884 1127 4930 caussa
1148 4866 1273 4951 gradus
1290 4864 1511 4936 ¹afflictionum
1563 4883 1702 4948 eamque
1723 4873 1903 4949 propterea
1924 4863 1989 4926 dici
2010 4870 2230 4928 testamentum
2251 4872 2435 4942 ueternum·
2464 4864 2542 4947 quia

526 4952 704 5031 distinctos
726 4951 874 5019 recitavi.
920 4949 1065 5017 Valetne
1087 4952 1341 5037 consequentia:
1561 4951 1711 5027 immota,
1734 4957 1768 5012 et
1790 4967 1990 5033 quocunque
2011 4958 2161 5032 tempore
2182 4949 2280 5013 nobis
2301 4959 2375 5012 rata
2386 4958 2449 5028 est,
2470 4969 2540 5014 mo·

653 5069 1257 5243 ss‘jomffissggmt,
1563 5035 1607 5098 ὼ
1629 5033 2126 5204 οἶίἶῖιῗῐῗιῗῗῖιιῖἶηιᾞιιιι
2152 5117 2287 5183 romam
2309 5136 2387 5182 esse
2407 5119 2539 5194 animm

1168 5284 1171 5291 Ι
1541 5205 1640 5290 'qula
1660 5225 1759 5271 nemo
1780 5216 1933 5270 nostrum
1955 5217 2019 5284 est,
2052 5206 2104 5270 cui
2136 5224 2204 5268 non
2230 5204 2317 5269 haec
2343 5205 2484 5270 tentatio
2504 5206 2540 5270 in

530 5330 535 5337 ·
611 5292 829 5382 Respondeo.
874 5295 984 5379 Saepe
1004 5292 1095 5361 valet
1116 5293 1357 5381 consequentia
1377 5313 1400 5359 a
1422 5309 1510 5357 ccm-
1560 5302 1703 5356 mantem
1736 5292 1858 5368 veniat,
1890 5310 1965 5357 cum
1982 5292 2160 5356 haeremus
2180 5291 2214 5354 in
2241 5289 2484 5355 calamitatibus
2505 5303 2539 5356 ct

524 5381 668 5448 maniter
688 5383 947 5448 decidentibus:
975 5391 1010 5445 et
1031 5399 1147 5447 verum
1169 5390 1235 5465 est,
1255 5380 1346 5465 quod
1366 5371 1518 5462 pler'um·¹
1559 5375 1696 5461 poenis:
1716 5375 1768 5442 Tu
1788 5378 1874 5442 iuste
1894 5377 2031 5461 pateris,
2054 5374 2219 5441 offendisti
2247 5374 2357 5440 Deum
2379 5379 2538 5461 graviter,

525 5485 589 5553 que
620 5470 752 5534 atrocia
784 5465 907 5534 delicta
941 5467 1122 5553 puniuntur
1142 5468 1313 5532 atrocibus
1333 5465 1453 5551 poenis
1473 5465 1508 5528 in
1558 5480 1629 5527 non
1656 5473 1749 5549 patet
1779 5464 1840 5527 tibi
1871 5463 1916 5528 ad
1936 5481 2012 5527 eum
2032 5462 2172 5539 reditus,
2204 5462 2292 5526 sicut
2313 5460 2393 5526 Cain
2416 5463 2539 5549 inquire

524 5551 592 5619 hac
611 5554 692 5618 vita.
756 5553 826 5620 Sed
859 5572 929 5618 non
960 5553 1085 5639 ubique
1105 5560 1188 5619 vera
1209 5561 1265 5616 est
1282 5548 1368 5618 haec
1389 5570 1508 5617 couse-
1558 5548 1665 5614 Mcibr
1685 5558 1737 5615 ert
1755 5554 1909 5636 miquitae
1929 5567 2011 5631 mea,
2033 5567 2128 5630 ptam
2148 5555 2188 5613 ut
2210 5555 2403 5614 remittatur.
2468 5548 2538 5617 Sed

524 5639 683 5727 quentia3
704 5640 784 5726 quia
805 5636 1012 5708 calamitates
1033 5656 1102 5706 uon
1122 5632 1345 5725 sempersuut
1363 5645 1508 5726 ιιιιιιριιι,
1558 5632 1597 5700 iit
1618 5631 1837 5721 blasphemus
1867 5652 1910 5700 ec
1941 5635 2029 5720 ipso,
2062 5634 2140 5720 quia
2160 5643 2263 5720 negat
2281 5634 2539 5718 promissionem
