5934 6709
486 683 552 752 423
1134 682 1249 750 Ptin..
1272 682 1377 750 nai.
1400 681 1590 751 SCRIPTA
1611 680 1877 753 EXEGETlCA.
2436 685 2505 753 424

487 874 590 938 Ortos
608 896 628 937 a
651 876 741 938 bono
763 874 922 958 principio
956 892 1023 936 non
1057 891 1161 955 posse
1192 870 1271 937 labi.
1314 868 1468 936 Ecclesia
1491 916 1497 967 p
1519 892 1681 957 egressus
1714 892 1835 937 annum
1870 870 1923 936 iti.
1975 870 2147 958 Pelagiani
2179 873 2278 939 etiam
2310 875 2506 943 erudierunt

487 961 565 1026 dicit
588 982 654 1026 non
677 982 755 1024 esse
776 960 1003 1043 acceptionem
1017 979 1234 1043 personarum
1252 978 1363 1022 coram
1376 958 1474 1022 Deo:
1520 979 1593 1022 eum
1617 959 1649 1021 in
1672 960 1824 1023 doctrina
1846 960 1889 1023 de
1905 972 2043 1044 peccato
2056 960 2230 1046 Originali,
2248 962 2505 1046 scripserunt...

486 1047 563 1111 item
588 1066 704 1111 ornnes·
728 1046 877 1110 homines
900 1045 995 1108 nasci
1017 1047 1050 1108 in
1073 1059 1232 1129 peccato,
1256 1061 1288 1109 et
1311 1045 1401 1130 quod
1424 1045 1467 1109 ad
1519 1065 1617 1128 quarn
1652 1047 1825 1131 quisquam
1859 1042 1962 1125 alius,
1991 1059 2026 1111 ut
2052 1059 2172 1111 nostro
2199 1059 2352 1134 tempore
2380 1049 2506 1115 videtis

486 1134 656 1198 materiam
680 1134 808 1210 attinet,
831 1150 947 1195 omnes
976 1150 1052 1194 esse
1085 1128 1234 1210 simileS,
1267 1128 1333 1195 labi
1368 1132 1468 1216 igitar
1518 1130 1605 1195 idem
1627 1129 1710 1196 fieti.

487 1239 601 1282 omnes
624 1232 788 1302 possunt,
821 1217 970 1283 cerrrerti
1003 1218 1099 1281 eiiam
1129 1237 1246 1282 earnes
1268 1215 1340 1282 vult
1362 1216 1465 1282 Deus.

484 1303 560 1369 Non
583 1307 720 1369 estium
744 1324 828 1389 opus
864 1304 993 1383 ntiseeri
1027 1303 1266 1387 disputationes
1300 1304 1342 1368 de
1370 1322 1467 1387 prae·

486 1390 729 1469 destinatione,
759 1392 944 1455 reiiciamus
974 1402 1168 1454 constanter
1196 1386 1466 1453 Manichaeorum
2173 1430 2176 1435 -

486 1473 617 1543 sutores
640 1480 694 1561 qui
719 1479 889 1550 tlirebattt.;
912 1471 1049 1540 aliorum
1072 1476 1331 1541 materiamesse
1352 1473 1465 1552 talem,
1763 1461 1844 1565 Qui
1873 1460 2038 1547 fuerunt
2067 1462 2254 1547 Arriani?

485 1572 521 1627 nt
543 1584 609 1626 non
633 1565 762 1646 possint
785 1564 951 1639 converti,
974 1574 1009 1626 ut
1030 1561 1173 1626 Neronis
1197 1562 1365 1625 nraterianr
1388 1580 1467 1623 esse

486 1644 594 1729 talem,
616 1663 650 1713 ut
674 1664 852 1736 cogeretur
874 1670 952 1712 esse
974 1645 1162 1712 talis:item
1179 1647 1350 1711 Aristidis.
1394 1645 1466 1710 Vos
1604 1642 1769 1709 Dixerunt
1785 1644 1953 1710 Christum
1975 1666 2042 1710 non
2066 1665 2144 1711 esse
2162 1659 2282 1713 natura
2302 1645 2413 1715 Deum
2434 1670 2506 1717 noa

485 1736 708 1814 considerate,
731 1735 897 1821 quomodo
920 1731 1072 1796 Ecclesia
1095 1732 1251 1817 loquatur
1273 1734 1315 1797 de
1338 1731 1390 1795 iis
1412 1752 1465 1796 re·
1519 1748 1598 1797 esse
1620 1730 1776 1811 o‘poeiewr
1798 1729 1884 1810 Deo,
1908 1751 1987 1797 esse
2008 1746 2206 1800 ereaturam.

485 1820 561 1899 bns,
585 1822 761 1899 videlicet,
794 1821 883 1906 quod
915 1818 1066 1882 homines
1099 1820 1231 1902 possint
1262 1828 1414 1896 convert,
1446 1838 1468 1883 a

484 1903 584 1981 Deo,
617 1920 650 1972 et
683 1907 774 1992 qnod
802 1925 945 1971 neeesse
968 1907 1011 1969 sit
1033 1925 1130 1969 ruere
1151 1907 1185 1969 in
1207 1917 1360 1988 peecata,
1381 1904 1467 1971 sicut

484 1989 531 2055 illi
556 1994 667 2056 dicant
701 2012 779 2056 esse
812 1993 981 2058 materiam
1004 1987 1127 2070 talem,
1159 2012 1247 2076 quae
1280 1992 1324 2056 ait
1344 1992 1467 2061 iucen-
1788 2064 1799 2081 .

484 2076 657 2142 vertibilis.
1719 2061 1801 2166 Qut
1831 2060 1996 2148 luerunt
2025 2064 2300 2154 Donatistae?

570 2162 625 2228 De
647 2161 779 2228 Christo
801 2163 904 2228 buben
920 2170 968 2229 ste
987 2160 1121 2249 aajlctip
1141 2162 1220 2247 diap
1239 2169 1370 2248 pesaqt:
1396 2158 1466 2226 sue·

483 2260 561 2314 rnnt
579 2247 636 2315 illa
658 2261 785 2314 tantum
806 2252 967 2336 ambages
1001 2262 1035 2313 et
1067 2252 1290 2314 obscuritates
1320 2260 1354 2313 et
1376 2246 1466 2312 aeui·
1603 2249 1674 2312 aas
1704 2246 1749 2312 ist
1777 2267 1844 2332 pur
1875 2248 1927 2312 eia
1958 2248 2033 2313 bose
2051 2247 2243 2333 peaelttomtt
2261 2269 2422 2336 pauescas
2452 2255 2506 2321 lat

484 2346 606 2419 gmutu,
627 2348 665 2401 ut
687 2333 860 2403 eluderent
882 2338 1086 2401 divinitatem
1109 2333 1192 2401 iiiii.
1246 2331 1334 2399 Nolo
1367 2337 1465 2399 etlam
1518 2334 1571 2399 eia
1613 2352 1750 2418 pressea
1799 2345 1910 2398 motus
1961 2336 2067 2401 drutts
2112 2337 2251 2401 worden
2317 2341 2505 2407 Senserunt

482 2423 637 2503 recitare,
659 2440 728 2488 scas
748 2424 797 2488 sie
818 2424 859 2488 de
882 2443 1025 2507 corpore
1047 2421 1259 2507 phantastico
1282 2420 1385 2486 baben
1409 2440 1464 2505 ye-
1518 2430 1674 2505 oportere
1695 2421 1729 2484 in
1751 2418 1905 2485 Ecclesia
1937 2431 2074 2487 tantum·
2096 2441 2174 2487 essa
2195 2436 2353 2502 sanctos,
2375 2436 2410 2491 et
2431 2446 2505 2493 nou

483 2507 602 2573 morht.
646 2506 840 2575 Habuerunt
858 2522 968 2574 autem
990 2506 1135 2572 fanatica
1157 2528 1290 2593 quoqne
1313 2508 1355 2571 de
1364 2525 1464 2591 pecu·
1517 2505 1632 2570 valere
1643 2505 1873 2585 Sacramenta,
1895 2507 1959 2571 nisi
1982 2528 2001 2573 a
2024 2509 2151 2572 sanctis
2174 2509 2412 2590 adntinistrata,
2431 2508 2504 2578 iue-

483 2589 622 2657 liarittus
654 2592 959 2660 illuminationibus.
1024 2593 1167 2667 Quando
1201 2591 1353 2659 diabolus
1395 2590 1464 2657 vult
1516 2604 1592 2657 runt
1615 2593 1775 2657 seditiosi.
1824 2592 1868 2657 Et
1900 2604 2010 2658 tamen
2044 2596 2198 2659 dixerunt
2230 2607 2389 2681 oportere
2421 2618 2504 2665 esse

482 2680 657 2744 instituere
678 2683 841 2766 insignem
865 2680 1115 2763 siccationem,
1149 2676 1282 2744 simulat
1304 2676 1464 2744 illumina·
1516 2691 1656 2743 sanctos
1677 2679 1710 2742 in
1732 2676 1897 2743 Ecclesia.
1943 2678 2150 2766 Augustinus
2172 2692 2224 2745 est
2246 2683 2369 2748 acriter
2391 2685 2421 2747 ei
2444 2685 2503 2749 ad·

367 2770 370 2783 “
482 2768 603 2830 tiones.
648 2766 828 2831 Ambulant
851 2769 884 2831 in
907 2765 982 2844 liis,
1011 2786 1097 2850 quae
1128 2785 1196 2829 non
1218 2767 1393 2844 viderunt,
1416 2767 1463 2828 in·
1515 2776 1680 2836 versatus,
1703 2760 1849 2830 defendit
1870 2762 1958 2830 hanc
1979 2768 2194 2844 senteutiam,
2224 2787 2303 2833 esse
2325 2768 2503 2837 inEccla-

482 2852 553 2935 qnit
575 2849 721 2927 Paulus,
755 2854 823 2917 aad
854 2855 899 2917 ist
920 2851 1002 2916 decli
1023 2851 1129 2916 aicbts
1150 2851 1330 2927 debendam
1352 2850 1463 2937 prohi·
1515 2852 1567 2913 sia
1589 2852 1697 2915 bonos
1721 2861 1754 2914 et
1775 2849 1902 2929 nialus,
1932 2853 2071 2931 mixtos,
2089 2864 2123 2917 et
2144 2852 2361 2920 ministerium
2383 2855 2504 2925 valere

481 2938 624 3001 buerunt
647 2958 788 3017 carnes,
817 2936 1056 3008 prohibuerunt
1090 2939 1265 3023 coniugia,
1298 2938 1463 3002 linxemnt
1516 2937 1626 3013 etiam,
1648 2958 1723 3001 cum
1745 2938 1886 3001 ministri
1908 2956 1974 3001 non
1996 2950 2076 3005 sunt
2096 2940 2186 3003 boni.

480 3022 738 3089 illuminationes
768 3024 974 3110 singulares,
997 3035 1114 3110 raptus
1136 3036 1171 3087 et
1186 3023 1358 3098 exardesce:
1382 3021 1463 3088 talia
1601 3020 1701 3087 Rexit
1726 3023 1934 3109 Augustinus
1963 3023 2153 3109 Episcopus
2182 3022 2422 3111 Episcopatum
2453 3028 2503 3094 40

502 3110 536 3173 ui
559 3108 703 3195 lingunt,
727 3112 901 3175 discedunt
932 3132 954 3175 a
987 3113 1091 3175 rerba
1114 3110 1200 3190 Dei,
1234 3122 1268 3173 et
1297 3130 1461 3175 venenum
1514 3128 1637 3175 annos.
1681 3108 1741 3175 tir
1762 3109 1862 3175 baadi
1879 3111 2080 3194 pedettcl‘eu,
2100 3131 2170 3176 aas
2189 3112 2254 3176 ciel
2271 3112 2418 3177 daudet·
2438 3135 2498 3198 pe·

516 3198 751 3261 anichaeorum
770 3194 837 3262 late
860 3208 1015 3284 vagatum
1038 3208 1102 3261 est.
1147 3196 1243 3261 Sicut
1265 3194 1389 3262 Paulus
1412 3197 1461 3260 ln·
1513 3196 1609 3261 seben
1628 3195 1693 3261 bat.
1736 3194 1884 3263 Tandem
1906 3209 1958 3262 est
1980 3209 2131 3263 montius
2152 3198 2185 3262 in
2208 3197 2379 3263 obsidione
2399 3202 2501 3267 urbia

478 3284 563 3367 quit:
596 3281 714 3349 Sermo
736 3281 869 3350 illorum
894 3285 962 3349 lata
987 3294 1129 3372 vagatur
1149 3284 1237 3347 sicut
1254 3302 1461 3370 gangraena,
1512 3302 1605 3348 suae.
1649 3280 1734 3347 Tum
1752 3282 1975 3367 llipponensis
1996 3284 2186 3370 Episcopus
2208 3282 2413 3351 Geusericus
2435 3283 2503 3355 luit

478 3378 512 3432 et
534 3370 657 3434 arradit
679 3372 844 3447 mambra,
871 3370 940 3436 sind
967 3370 1026 3435 bat
1046 3370 1184 3435 durautb
1204 3373 1277 3435 ecit
1296 3372 1370 3436 amb
1391 3366 1461 3437 rici
1537 3366 1630 3433 uisus
1652 3367 1836 3453 llispania,
1869 3372 1946 3456 quia
1978 3381 2059 3436 tunc
2090 3372 2300 3456 vagabantur
2327 3369 2431 3437 Gothi
2465 3378 2503 3441 et

474 3452 661 3540 petraeam.-
683 3458 760 3541 quia
777 3455 893 3562 babuit
913 3454 1046 3521 furores
1066 3457 1217 3562 Stoicos,
1235 3457 1290 3541 qui
1312 3453 1380 3521 late
1402 3476 1460 3521 ra·
1536 3453 1671 3560 ‘arrdaliz
1704 3456 1789 3521 dean
1820 3457 1870 3522 aie
1902 3458 1978 3521 aaa
2009 3458 2108 3523 ricini
2138 3474 2293 3543 pewesett.
2336 3457 2410 3525 Nec
2436 3456 2500 3526 fuit
2549 3510 2553 3515 .

476 3538 1459 3715 stabilitisiiiiiiti.'lliit'iiiiiiiiiliiiz
1513 3541 2008 3714 lii'iiistitisiiitiii
2031 3541 2285 3696 altili
2300 3542 2499 3697 rirlildssl

564 3712 776 3800 Augustinus
810 3734 997 3781 conversus
1029 3727 1151 3800 postea
1183 3713 1365 3782 confutavit
1397 3734 1459 3781 eos
1513 3734 1631 3801 gnum,
1655 3716 1746 3800 quod
1767 3727 1911 3780 vocatur
1937 3713 2150 3781 Vandalosia.
2195 3714 2238 3781 Et
2260 3718 2364 3781 credo
2385 3718 2497 3784 adbuc

475 3799 617 3865 acriter:
651 3821 714 3867 nec
747 3822 815 3866 non
838 3803 992 3867 videntur
1012 3812 1090 3887 post
1111 3800 1334 3887 Augustinum
1367 3799 1459 3867 multi
1512 3802 1557 3867 ibi
1568 3802 1707 3864 inveniri
1719 3797 1865 3885 linguam
1878 3800 2048 3868 Henetam.
2082 3800 2497 3885 lbiGenserieus(eredo,

475 3881 583 3951 luisse
603 3883 720 3972 reliqui
732 3886 933 3953 lilaniclraei.
977 3887 1173 3953 Auctoritas
1186 3888 1364 3975 Augustini
1379 3885 1459 3953 mul·
1513 3887 1603 3974 quod
1623 3906 1744 3951 nomen
1763 3886 1931 3973 signiticat
1949 3888 2160 3975 pautzreicb,
2172 3886 2372 3955 universalis
2391 3890 2497 3956 domi-

476 3982 547 4037 tum
579 3969 699 4038 valuit:
728 3974 807 4057 quia
838 3996 905 4040 non
939 3974 1050 4039 solum
1084 3977 1225 4039 certavit
1254 3997 1328 4039 cum
1355 3974 1460 4039 Mani·
1512 3992 1601 4050 nus,
1634 3974 1690 4057 qui
1723 3970 1794 4038 vult
1826 3971 1952 4038 habere
1984 3986 2091 4040 totum
2123 3980 2278 4061 regnum)
2309 3978 2443 4043 traiecit
2463 3977 2500 4043 iu

477 4056 603 4138 chaeis‚
626 4060 803 4125 sedetiam
826 4082 901 4125 cum
923 4061 1086 4140 Arrianis,
1108 4081 1182 4126 cum
1199 4058 1405 4148 Pelagianis,
1426 4072 1461 4125 et
1511 4058 1743 4125 Mauritaniam
1765 4055 2134 4145 esAlrica3quiavidit
2154 4082 2193 4127 se
2216 4059 2341 4128 hebere
2360 4061 2499 4131 hasten

476 4164 551 4209 cum
564 4146 764 4212 Donatistis.
805 4146 993 4213 Manichaei
1015 4149 1071 4232 qui
1093 4145 1224 4226 suerint,
1246 4138 1369 4213 (lictum
1391 4158 1460 4224 este
1512 4156 1652 4230 atargo
1670 4144 1852 4213 Romanos.
1898 4146 2086 4232 Occupavit
2106 4146 2356 4214 Mauritaniamt
2377 4161 2412 4216 et
2434 4148 2499 4216 lra-

475 4232 632 4298 videlicet
654 4229 701 4297 illi
724 4231 850 4313 Stoici,
884 4234 941 4319 qui
973 4246 1158 4319 posuerunt
1189 4236 1256 4299 duo
1283 4234 1460 4320 prittcipia3
1512 4243 1648 4319 perator
1669 4230 1866 4297 Valentinus
1888 4234 2057 4298 concessit
2084 4237 2115 4299 ei
2136 4233 2382 4300 Mauritaniam:
2409 4238 2502 4303 siem

475 4330 660 4403 posuerunt
680 4320 914 4385 necessitatem
934 4319 1032 4400 mali,
1054 4319 1221 4385 linxerunt
1237 4333 1373 4406 propter
1394 4342 1459 4386 ma·
1512 4340 1588 4384 cum
1610 4318 1751 4385 Francis
1774 4320 1870 4386 etiam
1894 4319 1973 4386 lecit
1994 4340 2130 4404 pacem,
2152 4333 2188 4385 ut
2208 4322 2391 4388 retinerent
2414 4320 2500 4389 Gal-

475 4406 605 4484 terium,
623 4406 979 4487 inconvertibilitatem,
999 4407 1264 4474 incertitudinem
1287 4406 1459 4488 infinitam,
1511 4403 1601 4471 liam.
1644 4402 1705 4470 llie
1725 4406 1931 4472 Gensetieus
1952 4408 2072 4472 invasit
2093 4405 2341 4493 Carthaginem,
2364 4410 2500 4477 obsedit

475 4490 685 4557 beaverunt
704 4490 974 4560 illuminationes.
1512 4494 1611 4559 etlam
1632 4490 1837 4578 Hipponem,
1864 4506 1898 4558 et
1926 4494 2057 4559 obsedit
2083 4494 2254 4559 mensibus
2284 4495 2338 4580 ia.
2379 4495 2500 4584 Auga-

1511 4579 1620 4643 stiuus
1642 4588 1793 4664 tempore
1814 4579 1998 4645 obsidionis
2021 4590 2172 4645 mortuus
2190 4591 2263 4656 este
2289 4593 2324 4646 et
2344 4594 2498 4649 mortuus

1511 4676 1564 4731 est
1585 4664 1739 4728 scribens
1762 4663 1853 4729 ilium
1875 4662 1995 4730 librum
2019 4676 2138 4732 contra
2158 4665 2374 4753 Pelagianos.
2419 4668 2498 4736 Dus

1511 4751 1587 4817 siud
1607 4761 1776 4836 utcunque
1799 4752 1841 4815 de
1862 4753 1968 4837 ipsius
1990 4749 2142 4832 historia,
2158 4772 2245 4838 quae
2265 4746 2402 4821 suerunt
2423 4775 2498 4823 cer·

1511 4838 1657 4915 tamina,
1691 4838 1784 4922 quid.
1803 4839 1970 4903 senserint
2002 4838 2186 4904 adversarii
2219 4839 2305 4919 eius,
2327 4841 2497 4908 adversus

581 5008 730 5074 Fuerunt
762 5006 956 5095 simpliciter
987 5006 1182 5087 Pharisaei,
1216 5008 1272 5094 qui
1305 5008 1459 5075 dixerunt
1511 4943 1612 5075 illle
1632 4921 2014 5094 llllrhmcoretlillleetsstlllhie,⁸
2040 4945 2139 5097 (1⁶th
2166 4925 2387 5077 rlltllllullllll¹⁸
2397 4948 2498 5081 Bsddtl

473 5092 626 5158 homines
649 5114 727 5160 esse
747 5095 854 5161 iustos
883 5094 1068 5181 disciplina,
1091 5107 1124 5159 et
1144 5096 1262 5160 mereri
1291 5094 1458 5161 remissio-
1510 5105 1632 5161 tractat
1654 5096 1838 5162 doctrinam
1860 5098 2024 5184 integram
2054 5098 2097 5163 de
2117 5096 2297 5178 Trinitate,
2331 5101 2419 5167 bene
2451 5101 2497 5169 da

433 5241 437 5249 ,
472 5198 548 5244 nem
571 5191 785 5264 peccatorum
809 5203 921 5248 coram
932 5181 1025 5258 De03
1047 5178 1253 5247 sustulerunt
1275 5183 1457 5248 doctrinam
1510 5194 1651 5269 peccato
1674 5183 1833 5270 originis,
1870 5186 1976 5262 bene,
2010 5182 2065 5249 vel
2097 5180 2216 5267 saltem
2244 5180 2362 5252 melius
2416 5208 2495 5257 ua·

473 5265 516 5332 de
549 5270 686 5353 gracia,
721 5270 763 5333 de
796 5268 884 5347 fide,
918 5270 960 5333 de
992 5266 1145 5334 eiiicacia
1166 5268 1230 5334 Dei
1252 5269 1285 5333 in
1308 5267 1457 5347 homine3
1510 5270 1632 5335 caeteri
1655 5270 1839 5335 doctrinam
1855 5270 1897 5334 de
1918 5271 2024 5356 gratia
2045 5282 2080 5335 et
2100 5271 2180 5351 fide,
2193 5272 2235 5336 de
2255 5272 2378 5338 iustitia
2427 5272 2494 5341 dei.

472 5350 681 5418 sustulerunt
715 5367 889 5437 peccatum
923 5356 1082 5442 originis,
1117 5356 1273 5421 dixemnt
1304 5353 1456 5422 homines
1508 5353 1647 5421 Etiamsi
1667 5357 1832 5423 interdum
1854 5358 1961 5422 rninus
1984 5358 2158 5422 commode
2184 5354 2350 5444 loquitur,
2378 5369 2496 5429 emm

472 5437 668 5505 satisfacere
690 5436 781 5527 legi,
806 5452 840 5505 et
870 5439 958 5508 hane
980 5438 1189 5528 disciplinam
1211 5461 1290 5506 esse
1322 5440 1456 5510 satista-
1507 5440 1575 5507 hoe
1595 5440 1680 5523 vult,
1701 5443 1791 5529 quod
1813 5444 1905 5508 dicit:
1952 5442 2066 5508 Tatiae
2090 5440 2232 5530 fiduciae
2258 5446 2423 5513 certitudo
2441 5452 2493 5513 est

471 5528 616 5594 ctionem
638 5524 729 5592 illam
751 5524 849 5615 legis.
893 5529 1103 5617 Augustinus
1125 5540 1277 5595 mortuus
1299 5541 1352 5595 est
1374 5551 1456 5596 uon·
1507 5529 1601 5595 aobie
1616 5531 1652 5595 ia
1672 5531 1830 5615 adaptatae
1851 5528 1985 5596 Cimbii.
2028 5528 2078 5594 lbi
2106 5530 2207 5597 docet
2230 5546 2296 5596 nes
2319 5531 2493 5601 confidere

471 5614 551 5681 dam
573 5611 741 5700 completo
763 5611 851 5683 libro
873 5611 1173 5697 contraiuliauuru,
1193 5636 1270 5683 earu
1286 5617 1456 5685 mmmm
1507 5616 1626 5682 merito
1652 5613 1790 5683 Domini
1819 5617 1928 5684 uestri
1960 5616 2038 5683 lesu
2059 5612 2208 5698 Christi,
2240 5636 2309 5685 uon
2339 5620 2493 5687 norint·

691 4822 771 4929 Qui
802 4823 967 4909 suerunt
997 4824 1238 4939 Pelagianil
