5934 6709
1417 986 1636 1088 Quid
1696 987 1941 1096 igitur
1998 984 2193 1070 facit.
2252 983 2683 1096 Synodus?

1229 1220 1485 1305 Synodi
1527 1240 1663 1285 non
1708 1221 2003 1287 condunt
2045 1238 2264 1285 novos
2305 1213 2629 1283 articulos
2670 1214 2847 1294 fidei,
2893 1215 3018 1280 sed

1057 1316 1309 1372 tantum
1345 1306 1705 1370 ostendunt
1737 1304 2229 1371 confessionem
2260 1324 2474 1371 suam.
2538 1299 2730 1369 Deus
2753 1320 3019 1384 semper

1058 1403 1289 1458 servat
1363 1389 1627 1478 aliquos
1703 1392 1769 1456 in
1848 1388 2161 1457 Ecclesia
2223 1400 2410 1455 recte
2474 1389 2880 1462 sentientes;
2942 1396 3018 1451 ut

1057 1488 1360 1562 tempore
1400 1479 1737 1562 passionis
1780 1476 2027 1544 Christi
2071 1475 2286 1542 Maria
2327 1476 2596 1540 retinuit
2637 1472 2819 1539 hunc
2862 1472 3018 1537 arti·

1061 1560 1314 1630 culum:
1361 1562 1630 1644 Oportet
1660 1562 1886 1626 Filium
1930 1571 2095 1626 aava
2118 1565 2289 1644 pati.
2379 1558 2656 1626 Sciebat
2675 1557 3017 1624 Christum

1059 1669 1335 1801 3⁸32ss
1338 1669 1575 1799 ⁸²¹}ss
1578 1658 2292 1820 ‘223³'1'2'130151‘1e‘12-'7'ffl3
2302 1643 2677 1798 ηἷἚωῗῖἑΖ-ἰ,
2720 1645 3016 1797 'higini-³3

1332 1781 1348 1798 .
1634 1785 1643 1795 .
2203 1780 2225 1814 ‚
2997 1780 3014 1796 .

1057 1820 1327 1884 Messias
1392 1823 1533 1881 occe‘

2318 739 2543 806 Pau..
2588 732 2800 807 ΗΕΒ.
2854 735 3237 807 scama
3279 735 3814 805 Exsselmcs.

3147 1015 3311 1102 Ubi
3370 1017 3476 1100 sit
3535 1018 4117 1102 resistendum:
4181 1047 4329 1102 seu
4389 1047 4555 1128 quo
4616 1017 4723 1100 sit
4782 1017 5048 1103 disee-

3179 1172 3565 1277 dendum,
3626 1171 3842 1257 sacta
3902 1172 4400 1257 seiunctione
4462 1173 4570 1256 ab
4633 1173 5036 1259 ordinaria

3222 1316 3233 1325 ’
3885 1339 4311 1440 potestate.

4309 1542 4448 1614 Quo
4518 1545 4607 1604 αἳ
4663 1542 5082 1625 thyiadas?

3165 1629 3308 1706 uia,
3374 1642 3443 1694 ut
3505 1649 3709 1714 supra
3748 1630 3934 1709 dixi,
3999 1649 4137 1694 non
4195 1639 4352 1695 sunt
4392 1628 4743 1694 faciendae
4784 1628 5083 1697 infinitae

3165 1715 3616 1798 issipationes.
3705 1714 4113 1802 Fugiendem
4157 1727 4263 1780 est
4305 1716 4507 1801 igitur
4550 1716 4637 1781 ad
4671 1712 5082 1783 Ecclesiam:

3293 1541 3642 1609 Postrema
3706 1556 3813 1608 est
3875 1543 4218 1629 quaestiot

1644 1842 1740 1882 ur,
1852 1819 2173 1887 Manebat
2226 1837 2395 1904 erg-0
2449 1817 2723 1883 firmiter
2775 1816 2841 1880 in
2884 1815 3017 1881 hac
3118 1802 3188 1865 id
3241 1811 3380 1881 est,
3445 1802 3531 1866 ad
3586 1811 3850 1867 coetum
3902 1798 4472 1886 amplectentium,
4537 1815 4606 1866 et
4660 1803 5082 1870 retinentium

1059 1908 1410 1973 sententia.
1513 1904 1819 1991 Aposton
1863 1906 2202 1972 habebant
2242 1902 2395 1991 plus
2441 1902 2747 1990 caliginis
2790 1916 2858 1967 et
2902 1903 3017 1967 du-
3117 1906 3356 1954 vocem
3399 1889 3853 1974 incorruptam
3904 1885 4292 1974 Evangelii,
4356 1888 4736 1974 ubicunque
4788 1884 4903 1954 me
4946 1901 5081 1966 est,

1060 1993 1479 2057 bitationum=
1524 1993 1624 2056 sic
1666 1993 1730 2057 in
1776 1990 1927 2057 aliis
1972 1989 2451 2056 controversiis
2496 1986 2607 2055 alii
2661 1986 2847 2072 plus,
2903 1986 3016 2053 alii
3120 1974 3378 2038 etiamsi
3422 1991 3586 2038 81188
3678 1992 3897 2075 noque
3939 1971 4145 2038 habet
4187 1973 4622 2039 infirmitates.
4738 1972 4799 2038 A
4899 1974 5080 2039 osci·

1057 2079 1280 2144 minus
1321 2074 1491 2143 lucis
1536 2076 1803 2142 habent.
1872 2077 2101 2164 ltaque
2124 2076 2441 2164 Synodus
2487 2085 2671 2140 recte
2714 2074 3017 2140 iudicans

1060 2173 1315 2229 tantum
1360 2164 1494 2228 edit
1539 2160 2032 2229 confessionem
2076 2184 2291 2243 suam,
2338 2162 2519 2240 dicit,
2561 2162 2717 2246 quid
2763 2161 3016 2238 credat,

1061 2259 1349 2315 testatur
1391 2270 1471 2314 se
1516 2250 1897 2314 consentire
1941 2270 2091 2316 cum
2136 2269 2300 2314 vera
2344 2248 2686 2325 doctrina,
2740 2266 2868 2311 nec
2911 2256 3020 2312 est

1060 2335 1296 2412 iudex,
1339 2336 1461 2399 sed
1505 2336 1631 2419 ipsi
1678 2335 2061 2418 scripturae
2104 2331 2417 2420 relinquit
2458 2333 2793 2399 iudicium.

1235 2419 1567 2486 Pontificii
1613 2422 2015 2486 contrarium
2059 2423 2144 2487 de
2187 2421 2317 2486 hac
2358 2440 2432 2486 re
2475 2421 2791 2485 sentiunt.
2888 2415 3020 2482 Ra·

1060 2506 1245 2592 piunt
1310 2507 1436 2571 sibi
1502 2507 1967 2573 auctoritatem
2021 2505 2285 2574 dicendi
2336 2505 2703 2572 sententias
2745 2514 3020 2590 propter

1062 2593 1462 2658 ordinariam
1493 2604 1912 2676 potestatem,
1950 2614 2148 2680 quam
2182 2592 2409 2658 dicunt
2438 2592 2829 2657 instructam
2862 2600 3023 2655 esse
3079 2660 3082 2671 h

1059 2689 1398 2764 potestate
1440 2681 1626 2766 regia
1670 2679 2185 2764 interpretandi,
2230 2678 2526 2743 mutandi
2581 2688 2697 2742 aut
2760 2676 3023 2761 dispen-

1066 2764 1259 2830 sandi
1326 2785 1449 2849 pro
1515 2765 1825 2844 arbitrio,
1897 2765 2073 2830 sicut
2135 2761 2645 2829 panormitanus
2719 2762 3019 2847 scripsit:

1063 2847 1214 2914 Non
1270 2849 1419 2911 bene
1473 2848 1885 2912 conndndmt
1925 2849 2104 2912 Deus
2156 2848 2519 2920 Ecclesiae,
2577 2850 2636 2909 εἰ
2698 2868 2826 2910 non
2877 2845 3022 2909 rell·

1063 2936 1298 3018 qudem
1340 2938 1402 2997 et·
1432 2942 1811 3017 potestatem
1854 2935 2272 3018 disperatum&
2306 2935 2388 2997 de
2421 2937 2555 2997 iure
2588 2933 2826 2997 diuino.
2895 2932 3024 2999 Hic

1063 3039 1256 3086 error
1297 3033 1403 3087 est
1443 3041 1531 3088 ex
1573 3023 1594 3088 i
1646 3021 1995 3088 notatione
2037 3021 2433 3088 discriminis
2473 3019 2650 3109 legis
2691 3032 2760 3086 et
2801 3016 3024 3085 Evan-

1070 3103 1229 3196 gelii
1244 3152 1267 3187 ,
1309 3108 1465 3174 item
1596 3042 1925 3174 fiticorum
1968 3108 2359 3175 iudiciorum
2374 3151 2396 3187 ,
2438 3120 2507 3172 et
2550 3126 2803 3185 eorum,
2845 3123 3022 3192 quae

1059 3203 1219 3259 sunt
1257 3194 1326 3259 in
1369 3192 1508 3259 Eec
1534 3194 1698 3259 esia.

1236 3277 1359 3345 Est
1400 3279 1469 3346 in
1499 3276 1807 3345 Ecclesia
1847 3280 1986 3346 inte

1059 3471 1198 3518 uon
1241 3452 1679 3519 condiderunt
1710 3450 1949 3516 Patres
1990 3472 2240 3518 novum
2281 3447 2633 3518 articulum
2678 3448 2857 3529 fidei,
2896 3449 3022 3515 sed

1061 3536 1413 3603 ediderunt
1455 3532 1949 3603 confessionem
1993 3557 2206 3604 suam.
2294 3536 2412 3603 Sic
2454 3538 2523 3602 in
2566 3534 2618 3602 S
2712 3534 2845 3600 odo
2881 3534 3022 3601 Au·

1060 3619 1375 3688 tiocbena
1418 3620 1789 3710 Gregorius
1831 3621 2431 3690 Neocaesafleusis
2472 3621 2621 3687 edid
2650 3633 2677 3686 t
2714 3617 3023 3705 pulcher·

1060 3708 1293 3774 rimam
1335 3704 1834 3776 confessionem
1877 3720 2111 3776 contra
2152 3708 2683 3777 samosatenum.
2745 3704 3023 3773 Talibus

1062 3792 1383 3881 exemplis
1428 3790 1924 3861 confessionum
1969 3792 2156 3862 multi
2200 3794 2675 3862 confirmantur
2725 3794 2795 3858 in
2837 3793 3021 3858 veris

1061 3881 1438 3948 sententiis.
1506 3880 1641 3948 Sed
1677 3877 1900 3946 valent
1942 3882 2321 3948 testimonia
2359 3878 2478 3946 illa
2521 3878 3022 3947 confessionum

1059 3976 1339 4053 propter
1379 3969 1917 4052 perspicuitatem
1962 3969 2149 4034 verbi
2191 3966 2354 4047 Dei,
2412 3986 2546 4033 non
2589 3977 2865 4053 propter
2905 3985 3023 4032 au·

1063 4051 1439 4119 etot-itatem
1475 4053 1852 4119 humanam.

1231 4186 1318 4255 Et
1383 4209 1780 4276 quamquam
1844 4209 2109 4275 semper
2171 4185 2359 4256 multi
2424 4201 2582 4256 sunt
2644 4209 2782 4255 nou
2838 4200 3026 4256 recte

1060 4276 1429 4341 sentientes
1473 4298 1519 4342 n
1609 4296 1694 4341 ue
1736 4276 2245 4382 acquiescentes
2289 4276 2679 4342 testimoniis
2725 4275 2809 4341 de
2854 4277 3026 4341 veri·

1060 4371 1230 4434 tate,
1297 4375 1519 4428 tamen
1654 4382 1775 4430 eus
1839 4380 1988 4447 ipse
2046 4362 2314 4428 tandem
2372 4372 2478 4426 est
2532 4363 2758 4440 iudex;
2822 4373 2896 4427 ut
2953 4362 3023 4426 in

1063 4448 1425 4515 certamine
1492 4444 1971 4532 Apostolorum
2028 4468 2175 4514 cum
2231 4447 2491 4514 ludaeis
2547 4449 2827 4515 obtinuit
2880 4460 3023 4513 tan-

1061 4533 1211 4598 dem
1287 4535 1535 4599 veritas
1609 4531 1846 4600 deletis
1920 4534 2157 4618 impiis.
2278 4532 2590 4621 Apostoli
2667 4536 3024 4602 dicebant:

1059 4618 1122 4685 Ο
1171 4629 1345 4684 ortet
1385 4620 1583 4686 istam
1627 4633 1923 4686 vestram
1965 4616 2260 4705 politiam
2305 4622 2583 4700 destrui,
2629 4634 2697 4686 et
2741 4640 3018 4686 cessare

1061 4725 1145 4771 cu
1178 4718 1284 4771 tus
1326 4705 1708 4785 LevitieoS,
1759 4706 1960 4789 idque
2005 4702 2317 4774 Christus
2372 4708 2569 4772 etiam
2613 4717 2767 4773 ante
2813 4719 3017 4773 testa-

1059 4801 1169 4858 tus
1213 4789 1453 4859 fuerat.
1539 4790 1763 4859 ludaei
1808 4794 2237 4878 opponebant
2277 4789 2572 4882 politiam
2612 4794 2809 4859 istam
2851 4793 3016 4859 divi-

1058 4877 1240 4943 nitus
1302 4879 1728 4945 constitutam
1794 4897 1980 4944 esse:
2047 4877 2207 4943 ldeo
2259 4889 2579 4965 perpetuo
2635 4899 3015 4946 mansuram

1060 4982 1239 5031 esse.
1326 4960 1747 5053 Pugnabant,
1789 4963 1922 5030 hoc
1965 4975 2095 5031 tem
2142 4963 2282 5032 lum
2326 4962 2543 5030 solum
2586 4984 2744 5031 esse
2786 4967 2851 5030 in
2897 4986 3015 5053 ge·

1057 5068 1223 5115 nere
1286 5049 1616 5131 humane,
1678 5051 1795 5117 ubi
1861 5048 2023 5117 velit

1057 5155 1193 5200 non
1234 5156 1443 5222 posse
1488 5134 1736 5203 delere.
1822 5135 2150 5225 Utrinque
2193 5137 2569 5204 citabantur
2612 5139 2793 5205 dicta
2836 5136 3017 5204 Scri·

1103 5232 1336 5302 turae,
1398 5223 1523 5288 sed
1579 5221 1771 5289 Deus
1825 5223 2095 5290 tandem
2152 5223 2411 5290 diremit
2461 5223 2596 5291 hoc
2652 5235 3017 5305 certamen,

1104 5304 1282 5375 eleta
1341 5306 1558 5375 altera
1622 5319 1831 5395 parte.
1940 5309 2040 5375 lta
2093 5310 2536 5378 adversantur
2585 5311 2850 5378 veritati
2891 5307 3021 5376 Pa-

1055 5394 1289 5480 pistae.
1379 5394 1515 5461 Sed
1557 5391 1746 5460 Deus
1792 5395 2060 5462 tandem
2098 5396 2432 5464 iudicabit.

2069 3281 2338 3357 retatio;
2381 3289 2538 3346 suut
2581 3277 2852 3353 iudiciaz
2895 3278 3021 3343 sed
3065 3346 3066 3353 χ

1058 3360 1232 3432 baec
1273 3385 1410 3432 non
1453 3378 1608 3432 sunt
1652 3364 1890 3432 similia
1929 3386 2020 3452 po
2048 3367 2241 3432 ’ticis.
2307 3362 2382 3430 ln
2428 3361 2715 3430 concilio
2757 3362 3020 3431 Niceno
3080 3399 3081 3402 =

2154 5070 2275 5118 eus
2333 5053 2664 5118 invocariz
2729 5052 3014 5138 ideoque
3063 5088 3064 5092 =

3120 2074 3229 2124 tur
3293 2060 3466 2125 enim
3533 2057 3672 2124 Ecc
3699 2077 3841 2124 esna
3906 2079 3990 2124 ex
4056 2057 4524 2139 fundamento,
4588 2079 4719 2125 nec
4830 2055 5082 2127 efendit

3121 2141 3302 2210 idola
3364 2145 3823 2230 pertinaciter,
3889 2166 4017 2211 nec
4082 2145 4394 2211 interficit
4444 2143 4748 2211 homines
4802 2158 5081 2232 propter

3121 2226 3340 2295 falsos
3383 2227 3603 2296 cultus
3648 2241 3715 2296 et
3756 2250 4064 2308 errores3
4108 2233 4280 2297 sicut
4322 2230 4577 2298 faciunt
4617 2229 4735 2310 illi,
4812 2233 4879 2297 ui
4922 2243 5079 2299 sunt

3120 2315 3357 2382 hostes
3415 2336 3618 2382 verae
3671 2313 4042 2384 Ecclesiae.-
4130 2316 4244 2383 Ma
4294 2337 4382 2382 na
4424 2328 4531 2383 est
4575 2312 4747 2383 haec
4819 2315 5079 2384 elicitas

3122 2414 3188 2469 et
3255 2403 3504 2468 bonum
3564 2403 3842 2506 ingens,
3906 2422 4065 2470 esse
4126 2403 4193 2466 in
4378 2401 4546 2468 lesia
4601 2401 4752 2484 tali,
4814 2404 4932 2470 ubi
4971 2414 5079 2471 est

3123 2489 3460 2554 mediocre
3500 2489 3949 2555 ministerium.
4015 2487 4214 2562 Quod
4247 2490 4307 2554 si
4351 2510 4488 2555 non
4530 2508 4896 2576 possumus
4938 2509 5081 2557 eorb

3123 2576 3399 2660 poribus
3445 2575 3701 2640 versari
3743 2575 3811 2640 in
3854 2572 3973 2640 tali
4018 2585 4239 2654 coetu,
4283 2587 4504 2641 tamen
4544 2577 4792 2642 ubicun
4842 2594 4926 2649 ne
4967 2593 5081 2640 su·

3127 2679 3313 2741 mus,
3379 2661 3702 2726 debemus
3768 2681 3896 2728 nos
3960 2660 4323 2748 adiungere
4388 2663 4642 2748 gemitu
4696 2673 4766 2728 et
4832 2681 5080 2728 nvoca-

3125 2747 3327 2812 tione.
3397 2743 3655 2833 Singuli
3688 2748 3883 2813 etiam
3921 2748 4241 2812 debemus
4284 2743 4517 2813 fovere
4561 2759 4628 2813 et
4670 2767 4914 2814 ornare
4956 2766 5079 2834 pro

3127 2833 3517 2910 vocatione,
3571 2833 3896 2898 eiusmodi
3942 2844 4177 2899 coetus
4196 2878 4218 2910 ‚
4274 2853 4409 2899 non
4453 2831 4798 2901 includere
4841 2853 4971 2900 nos
5012 2833 5081 2899 iu

3124 2915 4305 3090 ῧᾞοέᾏέιζὲῑέἓωζὲἓέιξῖἳῖἑὲ
4338 2916 5085 3072 ‘t'jwfflss‘ae

3126 3091 3249 3156 sed
3313 3101 3576 3156 manete
3638 3091 3708 3155 in
3763 3048 4102 3157 'societate
4165 3091 4422 3177 piorum
4482 3101 4788 3157 eoemum
4803 3135 4826 3170 ‚
4889 3050 5082 3156 iuxta:

3125 3173 3377 3242 Psalmi
3417 3196 3580 3261 prae
3708 3186 3874 3244 tuma
3939 3175 4193 3258 Royan
4244 3176 4407 3240 bone
4458 3174 4873 3253 mamam,
4934 3194 5079 3258 pas

3123 3261 3319 3326 mlta
3360 3195 3768 3344 ‹1111an
3808 3283 3963 3329 ems.

3339 3620 3466 3688 Ex
3509 3620 3744 3690 ALus
3787 3618 4329 3688 RnAPsoDns
4372 3618 4875 3690 EXGEMA.

3300 3809 3698 3878 schismatis
3739 3791 3984 3876 nomen
4028 3821 4135 3876 est
4175 3832 4219 3877 a
4261 3814 4510 3895 σχίζειν,
4547 3811 4854 3878 scindere.
4919 3808 5081 3877 lude

3127 3905 3387 3982 σχίσμα,
3428 3898 3756 3968 eductio,
3800 3893 3912 3962 vel
3954 3900 4300 3979 separatio.
4387 3896 4602 3966 Estne
4640 3894 4916 3978 licitum,
4948 3897 5084 3985 pri-

3130 3993 3354 4052 vatum
3433 3980 3721 4069 aliquem
3793 3982 4140 4049 instituere
4217 3985 4740 4051 communionem
4812 3985 4882 4050 in
4956 4002 5083 4049 sua

3083 4105 3084 4110 κ
3129 4068 3376 4136 domo?
3457 4065 3708 4135 Paulus
3752 4069 4000 4136 diserte
4042 4068 4175 4135 boc
4214 4069 4550 4156 prohibet:
4594 4082 4662 4137 et
4704 4067 4895 4137 Deus
4938 4065 5085 4136 velt

3128 4152 3472 4222 Ecclesias
3515 4174 3676 4222 esse
3719 4173 4129 4242 congressus
4172 4176 4296 4222 seu
4340 4168 4573 4224 coetus
4616 4154 4963 4243 publicos,
5008 4167 5082 4222 et

3131 4262 3409 4308 coenam
3460 4239 3731 4308 Domini
3795 4262 3953 4308 esse
4018 4262 4295 4309 nervum
4361 4262 4490 4308 con
4576 4265 4614 4311 e
4704 4243 4906 4309 tionis
4960 4261 5081 4328 pn-

3128 4327 3369 4395 blicae.
3482 4327 3744 4400 Quoties
3801 4331 4175 4403 convenas,
4242 4330 4452 4415 inquit
4552 4351 4593 4397 a
4667 4349 4769 4397 us.
4877 4325 5085 4394 Esset

3127 4413 3458 4494 schisma,
3522 4416 3582 4480 si
3647 4434 3775 4501 ego
3845 4412 4080 4480 vellem
4144 4416 4212 4481 in
4277 4434 4429 4479 mea
4481 4416 4678 4482 domo
4733 4414 5087 4480 instituere

3128 4497 3426 4567 Coenam
3469 4497 3775 4576 Domini3
3834 4511 3906 4565 ut
3963 4512 4068 4566 est
4109 4497 4338 4567 sabula
4381 4521 4626 4585 sparsa
4667 4511 4823 4568 ante
4865 4519 5083 4566 annos

3079 4634 3082 4646 .
3123 4586 3213 4651 ‘20
3267 4587 3352 4651 de
3404 4607 3511 4651 me
3563 4586 3628 4651 in
3685 4583 3839 4652 aula
3894 4584 4273 4667 Marchica,
4338 4608 4446 4653 me
4500 4585 4638 4654 tale
4694 4584 4946 4673 aliquid
4984 4581 5085 4651 fe-

3127 4673 3325 4738 cisse.
3414 4669 3696 4738 Multum
3754 4673 4069 4738 vanitatis
4125 4683 4230 4738 est
4283 4673 4349 4738 in
4394 4670 4597 4754 aulis,
4664 4674 4817 4739 ideo
4859 4671 5085 4738 Midas

3123 4759 3341 4844 pictus
3385 4769 3490 4824 est
3532 4754 3686 4824 latis
3732 4759 4031 4824 auribus.
4094 4757 4220 4823 Est
4252 4759 4684 4826 usitatissima
4724 4759 4896 4825 ratio
4939 4776 5088 4824 στο-

3123 4845 3358 4910 scendi
3399 4845 3468 4909 in
3510 4839 3704 4920 aulis,
3741 4863 4064 4931 spargere
4106 4856 4305 4932 grata
4345 4843 4678 4912 Dominis.
4763 4844 5088 4912 Libenter

3121 4930 3477 4998 audiuntur
3519 4931 3586 4996 in
3629 4926 3803 4997 aulis
3845 4927 4135 4998 fabulae.

3495 5279 3625 5363 De
3686 5281 4087 5365 vocabulo
4148 5280 4712 5365 anathematis.

3298 5469 3597 5563 Ἅνᾶθεμα
3657 5477 3994 5632 significat
4056 5480 4324 5566 propn'e
4386 5477 4634 5567 aliquid
4688 5479 5095 5563 dedicatum,

3127 5566 3216 5632 ab
3270 5562 3639 5650 ἄνατίθημ,
3701 5565 3724 5632 i
3822 5577 3967 5646 est,
4026 5585 4305 5651 repono.
4413 5563 4791 5633 Anatbema
4973 5566 5095 5635 uid

3127 5651 3494 5738 repositum
3532 5648 3830 5738 templo,
3894 5648 4153 5720 scilicet
4216 5653 4306 5718 ad
4368 5653 4813 5721 mactandum.
4926 5653 5093 5723 mdo
