5934 6709
471 632 540 703 att
1110 629 1224 699 l’lllla.
1246 629 1355 700 aaa
1383 628 1572 700 sonam
1595 629 1865 701 mamaea.
2426 632 2497 707 Μ

471 818 567 892 aalla
589 833 682 888 esaet
704 819 847 899 raritas,
863 830 931 887 tum
948 821 1072 907 periret
1081 830 1151 888 tota
1170 818 1314 888 bumana
1327 832 1458 890 amara.
1482 821 1490 941 Ι
1510 821 1611 889 vitam
1632 833 1815 889 eatanm.
1858 818 1903 889 Et
1919 820 1970 888 sic
1992 821 2201 893 aedwinum
2222 836 2300 902 est,
2333 824 2427 909 qaod
2456 826 2499 897 ia

474 910 624 977 taeda
645 916 694 973 est
715 906 911 972 doraicr’la'aaa
932 909 1101 990 ueritatis,
1125 928 1239 975 verum
1261 920 1326 989 est,
1348 908 1458 989 idest,
1482 944 1488 1009 t
1509 910 1733 994 promissione
1755 906 1989 975 universaliter
2008 905 2120 977 made
2141 919 2276 995 petente
2297 906 2497 996 corporalia

473 994 1107 1083 aemperaliquemembreeonservant
1124 995 1310 1074 veritatem,
1327 994 1459 1062 etiamsi
1510 1006 1662 1080 oporteat
1682 991 1879 1079 praelucere
1899 993 2000 1061 fldem
2021 1006 2115 1063 certo
2140 1006 2343 1061 statuentem
2371 997 2417 1065 de
2437 1018 2496 1065 re·

473 1085 541 1151 aiot
563 1079 662 1147 valde
684 1099 803 1163 panca.
848 1078 1004 1144 lobannis
1026 1079 1177 1165 Baptista
1206 1101 1272 1147 non
1296 1081 1458 1146 dubitavit
1509 1080 1573 1147 bus
1596 1079 1833 1164 spiritualibus·
1881 1077 1949 1147 Cor
1970 1079 2057 1146 euim
2077 1078 2309 1147 sineullalide
2324 1078 2496 1155 adDeuau

473 1178 543 1237 tum
554 1167 715 1253 temporis
728 1167 769 1229 de
783 1170 944 1250 passione
955 1164 1087 1247 Christi,
1100 1186 1164 1232 nec
1174 1162 1282 1233 dleria
1293 1178 1351 1233 aut
1359 1186 1459 1233 soror
1509 1167 1674 1232 accedere
1695 1187 1761 1231 non
1785 1177 1907 1253 potest,
1929 1167 2021 1232 iuxta
2042 1163 2141 1234 illud:
2163 1166 2248 1229 Fide
2259 1167 2495 1251 pectem

473 1253 612 1324 Mariae,
636 1254 766 1317 etiamsi
789 1247 942 1338 discipuli
970 1254 1222 1319 somniaverunt
1251 1250 1377 1318 Christi
1407 1273 1458 1319 re·
1509 1249 1654 1313 labentur
1676 1272 1832 1317 comeam
1855 1252 1900 1316 acl
1921 1251 2032 1316 Deam

475 1362 577 1429 gnum
599 1336 673 1403 fore
687 1335 863 1421 politicum
897 1350 932 1403 et
958 1339 1170 1405 mundanum.
1219 1337 1367 1405 sedata
1393 1357 1459 1405 nota
1596 1338 1806 1421 Iac-reputant
1828 1344 1920 1421 esar]
1943 1337 2004 1405 His
2025 1337 2139 1405 verbis
2161 1337 2380 1428 significatur,
2399 1340 2497 1427 quod

473 1434 561 1502 eor,
585 1445 699 1491 verum
729 1436 782 1488 est
805 1422 1058 1500 universaliter3
1092 1444 1226 1511 semper
1247 1425 1333 1491 enim
1355 1422 1458 1510 about
1510 1423 1543 1491 in
1566 1426 1718 1492 oratione
1739 1426 1838 1492 anobis
1859 1421 2280 1513 multaobstrepant,qoes
2299 1446 2363 1493 nas·
2381 1427 2496 1497 detea-

473 1514 508 1581 ta
541 1508 696 1579 Ecclesia
733 1522 938 1575 conservant
975 1511 1166 1589 veritatem,
1211 1507 1305 1576 multi
1347 1522 1458 1581 summ
1510 1524 1597 1589 rent,
1620 1531 1687 1597 qao
1710 1513 1819 1579 minus
1842 1531 1989 1580 oreruus.
2190 1528 2201 1547 ·

473 1618 580 1751 nr
602 1609 741 1749 nrt
1168 1594 1458 1749 stetin
1902 1668 1907 1673 -

472 1705 605 1856 ὤξὲζ.
627 1703 818 1850 ,313pr
1160 1729 1171 1763 ’
1313 1780 1315 1784 -
1749 1748 1970 1817 nonmtoa
1997 1748 2253 1819 mvocamr.

579 1854 823 1918 manamaur·
856 1874 1017 1920 vocantu
1048 1854 1254 1919 unitionem
1287 1855 1459 1921 doctrinae

474 1941 574 2029 legis,
595 1936 770 2026 Evangelii
793 1952 827 2005 et
849 1935 1063 2005 articulorum
1072 1876 1164 2016 laici,
1174 1942 1251 2005 item
1275 1941 1458 2006 distinctio·
1664 1904 1729 1973 E*
1742 1925 1764 1972 ⁰
1777 1925 1799 1970 ¹¹
1812 1926 1835 1994 8
1847 1903 1893 1971 ⁰¹
1908 1906 1953 1973 Ν
1963 1928 1995 1971 ¹¹¹
2035 1905 2070 1972 Μ
2084 1906 2279 1973 ΜΗΙΜῙ
2302 1910 2334 1973 ⁴·

474 2048 550 2095 nem
573 2026 661 2113 legls
684 2039 716 2091 et
735 2021 919 2111 Evangelii,
941 2044 984 2091 ne
1006 2026 1222 2109 pertinaciter
1243 2024 1333 2092 idola
1344 2022 1458 2092 delen·
1708 2041 1814 2123 (001,ss
1834 2040 1912 2110 vol,
1932 2040 2054 2109 mv,
2076 2066 2109 2129 p,
2125 2042 2292 2132 uam)

473 2114 605 2191 demus,
628 2108 850 2197 autaliquem
872 2126 999 2195 partem
1021 2124 1224 2198 pugnantem
1247 2133 1322 2180 cnm
1345 2110 1456 2199 aliquo

474 2210 657 2287 praecepto
693 2195 765 2263 Dei.
817 2197 973 2283 Papistae
1002 2217 1069 2263 non
1097 2201 1239 2263 retinent
1265 2195 1457 2265 fundamen·
1595 2196 1670 2265 Hoc
1691 2195 1913 2284 Evuragellum
1939 2196 2041 2266 habet
2065 2197 2246 2267 admodum
2272 2198 2418 2271 subllme
2439 2224 2494 2271 at·

475 2295 564 2361 tam3
585 2283 792 2350 conlundunt
814 2285 902 2348 enim
924 2284 1100 2349 discrimen
1134 2281 1222 2370 legia
1251 2296 1283 2350 et
1303 2283 1457 2372 Evange-
1510 2294 1723 2371 gementum,
1755 2284 1951 2351 describens
1983 2285 2185 2351 tentationes
2209 2284 2334 2355 Christi
2357 2285 2412 2355 vel
2481 2325 2491 2339 ·

475 2367 521 2448 lii,
544 2371 757 2456 pertinaciter
775 2367 955 2435 defendunt
979 2371 1222 2436 invocationem
1251 2385 1458 2450 sanctornm,
1509 2373 1575 2438 tius
1597 2370 1800 2435 adumbrans
1822 2381 1960 2449 motam,
1982 2388 2068 2456 quas
2090 2368 2346 2459 intelligmeval
2447 2375 2491 2441 iu·

475 2469 511 2523 et
533 2455 600 2521 alia
621 2453 726 2520 multa
747 2456 894 2521 absurda
918 2468 951 2520 et
979 2457 1164 2544 pugnantia
1197 2477 1273 2523 cum
1305 2455 1458 2524 articulis
1511 2458 1610 2523 criter
1631 2454 1749 2523 saltem
1772 2476 1839 2522 non
1862 2466 1914 2522 est
1933 2456 2028 2522 cuins
2051 2457 2113 2537 vis,
2135 2457 2165 2523 al
2187 2458 2286 2525 modo
2315 2471 2369 2525 est
2390 2458 2492 2531 ullus

474 2562 579 2608 verae
600 2538 781 2628 religionis.
1337 2594 1339 2601 ,
1509 2543 1663 2609 hominis.
2526 2621 2531 2629 1

563 2627 699 2690 Errom
719 2630 753 2689 in
774 2627 904 2709 stipulis
925 2640 1004 2693 sunt
1025 2647 1159 2693 errores
1182 2626 1354 2715 vulgares.
1392 2624 1456 2708 llli,
1595 2624 1684 2693 Nolo
1705 2625 1761 2693 bic
1783 2626 1945 2706 delinire,
1973 2638 2080 2693 ouum
2101 2625 2268 2694 Diabolus
2291 2628 2427 2697 Cheimo
2444 2635 2490 2699 si·

476 2716 534 2802 qui
556 2727 671 2780 errant
693 2713 726 2778 in
747 2711 976 2793 fundamento,
998 2733 1062 2778 neo
1084 2711 1200 2780 volunt
1221 2717 1351 2794 meari,
1384 2715 1459 2783 sine
1509 2711 1597 2781 sibili
1619 2712 1731 2799 aliqua
1752 2710 1860 2779 forma
1881 2715 2073 2799 apparuerit
2105 2734 2182 2781 cum
2212 2735 2257 2782 en
2279 2714 2491 2805 colloqaeaa,

476 2798 547 2869 nlla
569 2800 777 2866 dubitatione
798 2810 876 2864 sunt
899 2799 1057 2879 damuati,
1079 2800 1171 2866 iuxta
1192 2797 1290 2866 lllud:
1314 2801 1378 2871 Οὔ
1397 2821 1460 2862 aaa
1509 2801 1572 2867 sed
1593 2812 1715 2883 umen,
1737 2812 1773 2865 ut
1795 2797 1895 2876 solet,
1918 2798 2033 2865 offudit
2055 2799 2086 2867 ei
2107 2797 2241 2887 aliquas
2259 2804 2406 2885 species,
2419 2805 2489 2891 qui.

478 2887 591 2962 eredit,
613 2889 677 2946 tam
698 2885 865 2947 darmatas
886 2892 943 2949 eat.
987 2884 1080 2972 Ergo
1113 2886 1186 2951 sitis
1219 2883 1396 2973 diligentes
1424 2887 1458 2953 ln
1482 2808 1490 3017 l
1510 2889 1576 2953 bua
1597 2884 1810 2951 vehementer
1829 2884 1971 2953 allectus
2004 2887 2060 2953 diu
2092 2908 2168 2953 cunr
2194 2907 2235 2953 ea
2255 2884 2404 2957 luctatus
2426 2904 2489 2961 est·

479 2972 642 3038 discendo
664 2967 891 3037 fundamento.
935 2974 970 3038 ln
993 2969 1180 3038 &aarum
1198 2990 1303 3058 saepe
1329 2975 1460 3041 irruunt
1510 2972 1569 3041 Sic
1591 2971 1689 3039 nobis
1735 2993 1845 3058 noque
1868 2972 1980 3039 varias
2001 2973 2136 3057 species
2158 2974 2289 3047 obiicit.
2315 2996 2403 3061 quae
2424 2997 2489 3047 uos

477 3079 632 3211 aas
645 3055 1460 3230 ‘posteritates-snt:ssentts
1509 2992 2491 3230 aillamis

481 3230 567 3292 uerti
587 3230 664 3310 aa,
686 3231 720 3297 id
742 3244 805 3308 est,
829 3231 960 3315 puniam
983 3251 1145 3305 securos,
1174 3244 1210 3297 nt
1232 3233 1306 3297 sine
1327 3229 1405 3299 luce
1426 3242 1460 3299 et
1510 3251 1587 3311 nae,
1609 3241 1644 3296 ut
1667 3252 1743 3298 cum
1764 3230 1878 3297 obiicit
1899 3231 1998 3297 nobis
2019 3228 2183 3312 borsines,
2205 3252 2293 3320 quos
2325 3230 2430 3302 laabet
2456 3236 2491 3305 ia

479 3318 586 3383 verbo
609 3315 681 3382 Dei.
727 3314 770 3381 Et
787 3316 907 3382 Esaias
935 3318 1134 3402 praevidens
1162 3315 1226 3383 kas
1253 3315 1459 3384 calamitates
1510 3338 1573 3385 sua
1594 3327 1769 3401 potestate·
1820 3316 1930 3403 Saepe
1962 3317 1998 3383 in
2029 3318 2186 3385 coavivio
2218 3319 2362 3404 erumpit
2391 3317 2490 3394 elini

478 3401 580 3470 habet
602 3402 738 3489 longam
760 3409 943 3472 orationem
976 3404 1018 3469 de
1051 3401 1136 3469 libro
1168 3400 1304 3482 clauso,
1326 3406 1459 3470 dicens:
1510 3405 1663 3490 improbo
1696 3402 1823 3469 homiui
1854 3422 1898 3469 ex
1929 3404 2151 3490 suggestione
2182 3403 2319 3473 lllalroli
2352 3409 2492 3477 verbra

478 3490 621 3572 ossaque
645 3489 753 3571 lupera,
776 3490 927 3570 Danain
949 3493 1005 3560 eia,
1027 3490 1159 3568 idest,
1186 3491 1336 3576 imprime
1368 3511 1458 3557 men·
1511 3487 1747 3577 aliquodque
1764 3486 1887 3576 aliquis
1908 3492 2003 3557 sarie
2029 3486 2209 3573 amicitur,
2241 3504 2277 3557 et
2308 3493 2427 3561 incidit
2456 3494 2491 3561 in

478 3579 569 3643 tibus
592 3598 707 3642 eoram
728 3577 855 3643 lirmaan
868 3578 1054 3643 doctrinam
1066 3579 1108 3643 de
1129 3574 1216 3663 lege.
1260 3577 1317 3641 Sic
1338 3587 1374 3643 et
1394 3596 1457 3644 vos
1511 3577 1734 3664 cogitationes
1755 3577 1995 3644 acerbissimas
2016 3587 2051 3651 et
2077 3596 2159 3645 vere
2188 3574 2387 3647 diabolicas
2430 3578 2492 3651 Eat

479 3674 587 3743 erate,
608 3675 645 3728 ut
665 3661 761 3729 Deus
783 3664 818 3731 in
839 3663 938 3729 nobis
957 3675 1136 3731 conservet
1161 3683 1277 3730 vemm
1299 3664 1458 3730 uotiuum
1511 3664 1599 3731 enlm
1621 3664 1740 3749 ingens
1757 3663 1906 3749 potentia
1926 3661 2026 3729 buius
2048 3663 2185 3750 spiritus
2197 3710 2209 3744 ,
2240 3685 2355 3752 aque
2380 3675 2491 3735 umen

477 3746 585 3816 Error
606 3750 673 3816 hoc
695 3747 773 3816 loeo
794 3747 1035 3839 Apostolorum
1063 3763 1135 3817 erat
1164 3752 1198 3815 in
1230 3747 1457 3829 fundamento,
1511 3761 1565 3816 est
1582 3748 1832 3835 καρδιογνώστης,
1856 3750 1948 3835 qnod
1968 3769 2090 3817 nomen
2112 3746 2177 3817 soli
2199 3748 2278 3818 Deo
2299 3754 2474 3839 competit.

479 3848 513 3901 et
534 3838 563 3900 si
586 3834 672 3900 tales
694 3849 775 3920 post
797 3837 1078 3904 resurrectionem
1096 3835 1222 3904 Christi
1244 3839 1459 3916 mansissent,
1597 3835 1681 3901 'l'res
1703 3846 1813 3903 antem
1841 3846 1920 3903 sunt
1948 3836 2074 3924 gratim
2102 3837 2341 3921 tentationum,
2361 3838 2490 3907 scilicet

479 3933 548 3988 tom
570 3924 760 4007 periissent.
805 3922 959 3988 Christus
981 3935 1056 3988 orat
1065 3943 1128 4010 pro
1139 3924 1236 4006 ipsis:
1258 3923 1369 3996 Pater,
1389 3944 1458 3987 aun-
1509 3921 1714 4004 Paupertas,
1748 3923 1926 3985 Carioaitoa
1959 3934 1992 3991 et
2013 3921 2185 4004 tepentes
2216 3927 2309 4006 rapot·
2338 3923 2398 3993 vel
2423 3927 2490 3989 Aa

482 4010 587 4088 atifiea
610 4028 665 4070 eoa
685 4012 719 4070 a‘n
741 4012 872 4071 acritate
894 4016 959 4079 tua,
982 4029 1081 4072 termo
1103 4017 1175 4075 teas
1195 4013 1322 4072 ceritas.
1510 4009 1598 4073 ditio.

564 4094 639 4161 lloo
661 4097 735 4181 ipso
769 4095 802 4161 in
835 4092 913 4162 loco
945 4097 1070 4160 sedens
1093 4095 1192 4161 Vitae
1214 4095 1458 4163 Amerbachius
1597 4090 1753 4162 Ecclesia
1769 4105 1908 4160 vesum
1923 4102 2127 4175 paupertate,
2138 4106 2277 4182 propter
2286 4118 2391 4182 quam
2400 4097 2490 4165 multi

478 4192 557 4251 ante
575 4181 701 4267 aliquot
723 4202 830 4249 annos
859 4183 1049 4267 disputabat
1082 4184 1125 4249 de
1158 4183 1247 4248 dicto
1270 4180 1458 4260 &naseos
1510 4180 1663 4247 homines
1684 4180 1844 4248 deliciunt
1875 4200 1898 4245 a
1918 4179 2003 4247 Deo.
2056 4180 2119 4247 Est
2151 4202 2236 4269 ergo
2268 4182 2356 4253 haec
2388 4186 2491 4269 prima

499 4271 568 4338 ¹aad
605 4268 730 4335 Paulus
764 4271 806 4336 ed
840 4267 1012 4335 Romanos
1044 4270 1075 4335 4»
1110 4281 1143 4334 et
1174 4271 1218 4335 ad
1253 4267 1394 4334 Galatas
1420 4266 1459 4333 3:
1510 4269 1661 4341 tentatio,
1684 4287 1751 4355 qua
1772 4267 1917 4354 exagitat
1938 4287 2118 4352 parentiam
2139 4266 2275 4347 Christi,
2297 4271 2396 4356 quia,
2418 4290 2491 4338 cam

478 4292 629 4420 ladius
652 4356 807 4419 Abrohom
828 4357 900 4419 Deo
918 4359 1152 4437 etvtrputatam
1173 4363 1220 4417 eal
1253 4358 1284 4415 a·
1305 4355 1351 4419 etl
1371 4358 1458 4419 aare
1511 4355 1662 4423 venisset
1681 4356 1725 4419 atl
1747 4355 1976 4427 munisterlum,
1999 4374 2062 4421 coa
2085 4356 2115 4419 it
2132 4374 2208 4421 cam
2230 4367 2374 4421 tentaret
2407 4355 2491 4428 Μ

479 4448 566 4509 liam.
611 4448 690 4510 ltem
724 4445 767 4509 de
800 4445 906 4510 dicto:
939 4443 1044 4504 lustras
1071 4443 1206 4523 aeolide
1227 4444 1312 4503 aicit.
1355 4438 1459 4506 Falso
1511 4441 1630 4505 dotes?
1653 4441 1733 4521 Quia
1754 4448 1845 4504 curel
1866 4442 1920 4506 le?
1942 4452 2007 4505 eto·
2105 4458 2146 4508 ec
2173 4442 2313 4509 lenutio
2345 4443 2391 4509 de
2412 4464 2490 4529 pott-

480 4533 595 4598 ¹citaret
618 4531 703 4596 istas
726 4527 823 4596 locos
846 4530 891 4593 ad
912 4548 1008 4594 suam
1041 4548 1220 4605 antissam,
1253 4529 1310 4593 nbi
1343 4539 1461 4615 ageret
1511 4539 1650 4616 penate,
1669 4529 1759 4613 quod
1781 4524 1876 4594 nulla
1891 4524 2119 4595 sithabiturus
2140 4527 2323 4612 praesidia,
2333 4531 2491 4615 estpieta

479 4618 521 4685 de
546 4619 643 4683 bonis
666 4614 916 4701 spiritualibus,
951 4636 1026 4681 cum
1057 4615 1144 4680 haec
1172 4616 1259 4679 dicta
1281 4610 1460 4700 loquantur
1511 4617 1546 4680 in
1567 4612 1621 4679 his
1643 4616 1757 4680 verbis
1777 4615 1930 4680 ironicisa
1951 4613 1990 4675 Si
2011 4620 2044 4677 tu
2065 4613 2197 4695 eafiliaaa
2217 4613 2284 4675 oet
2304 4625 2384 4692 etc,
2403 4615 2491 4701 quod

480 4705 523 4770 de
545 4705 644 4770 bonis
668 4699 911 4789 corporalibus,
933 4712 968 4767 nt
991 4702 1114 4767 dictum
1137 4699 1312 4773 Geneseos
1345 4697 1460 4786 loqua-
1512 4700 1679 4788 designata
1700 4699 1752 4767 Tu
1769 4703 1855 4766 vivis
1878 4722 1919 4765 ex
1940 4697 2117 4784 lapidibus,
2130 4698 2269 4766 Romani
2290 4710 2326 4765 et
2347 4721 2419 4767 non
2438 4701 2491 4767 ad

479 4803 533 4856 tur
556 4792 599 4855 de
621 4782 732 4856 lutura
753 4788 951 4874 posteritate
971 4787 1107 4851 seminis
1141 4798 1174 4852 et
1202 4786 1322 4851 sobole
1355 4789 1460 4870 ipsius
1512 4788 1684 4854 iuvantia
1705 4784 1905 4872 depellendo
1928 4786 2105 4871 pontifices
2129 4787 2385 4853 etsacerdotes
2400 4789 2490 4852 ami·

479 4888 638 4962 tanquam
662 4879 751 4941 bono
775 4872 954 4959 corporali,
976 4883 1010 4937 et
1028 4873 1303 4941 dictumrlbacnc
1321 4874 1363 4939 de
1381 4872 1462 4938 libe·
1512 4875 1662 4938 nisterio.
1707 4873 1793 4938 Huic
1816 4873 1987 4938 tentationi
2010 4874 2147 5020 ozpooit
2171 4869 2327 4939 Christus
2354 4876 2491 4939 verbum

480 4956 1462 5131 {titttlt‘li“liittitltlttttt⁰⁰litt:
1512 4959 1810 5112 lt’t‘tdtlt
1833 4958 2492 5131 ltttnttatttdt‘dttsb

479 5154 556 5200 nem
579 5072 723 5220 Spiritui}
747 5135 855 5199 sancti
889 5143 922 5198 et
944 5116 1054 5198 ¹vitam
1077 5145 1254 5197 aeternam.
1271 5093 1284 5124 ’
1300 5130 1462 5219 Simplici·
1513 5132 1654 5198 verbnm
1674 5129 1748 5197 Dei·
1794 5128 1971 5210 Christus,
2004 5134 2079 5197 sive
2106 5134 2172 5197 sint
2193 5144 2375 5200 secuturae
2391 5143 2493 5201 teate

480 5233 534 5291 ter
555 5224 714 5304 respondi
736 5222 836 5287 Victo
858 5218 1102 5285 Amcrbachioz
1131 5218 1257 5285 Verum
1280 5230 1355 5297 est,
1388 5240 1462 5302 pro·
1513 5221 1635 5297 bones,
1658 5219 1730 5282 sive
1752 5215 1872 5299 lamas,
1894 5230 2006 5284 tamen
2026 5218 2130 5285 habet
2150 5218 2353 5299 mandatum,
2377 5230 2415 5287 ut
2435 5220 2493 5285 olr-

480 5308 597 5373 missio
620 5310 654 5370 ln
674 5308 799 5372 Genesi
820 5302 1049 5393 principaliter
1069 5300 1215 5407 loquitur
1247 5305 1290 5369 de
1322 5307 1461 5382 semine,
1514 5315 1675 5389 temperet
1696 5306 1875 5371 vocationi.
1918 5304 2114 5390 Respondet
2135 5303 2405 5392 ergoChristnsr
2422 5306 2495 5373 Nea

482 5394 574 5482 quaid
597 5406 688 5458 esset
709 5398 912 5459 nasciturum
930 5413 971 5458 ex
993 5402 1189 5476 posteritate
1200 5389 1372 5471 Abrahae,
1385 5413 1462 5476 pro·
1514 5410 1557 5453 ee
1576 5390 1647 5453 aab
1662 5411 1749 5471 pane
1769 5404 1832 5456 eta
1877 5390 1975 5465 Quod
1996 5390 2077 5457 alibi
2098 5388 2175 5457 aliis
2197 5392 2311 5459 verbia
2332 5391 2495 5459 dicitlllo·

478 5492 556 5564 pter
578 5480 667 5566 qnod
691 5477 785 5544 Deus
808 5477 880 5544 vrrlt
902 5481 984 5544 dare
1007 5481 1095 5543 bona
1116 5476 1314 5563 spiritualia,
1344 5479 1462 5542 remis·
1513 5494 1588 5541 ses:
1608 5478 1683 5558 Ipsa
1705 5486 1753 5540 eat
1782 5478 1951 5560 torpitudo
1983 5478 2104 5540 dimam
2137 5485 2268 5543 taoraata.
2319 5477 2415 5547 llaec
2443 5489 2495 5547 ast

480 5568 608 5633 sionem
630 5578 859 5652 peccatomm,
881 5565 1093 5631 deusdonam
1116 5565 1260 5651 Spiritus
1292 5565 1400 5632 snaed
1429 5573 1463 5631 et
1513 5565 1622 5648 pr'uua
1642 5565 1820 5644 sententia,
1844 5585 1909 5651 qua
1930 5585 1970 5647 se
1991 5564 2105 5635 munit,
2125 5564 2217 5651 quod
2239 5556 2494 5653 designantur
