<?xml version="1.0" encoding="UTF-8"?>
<!DOCTYPE html PUBLIC "-//W3C//DTD XHTML 1.0 Transitional//EN"
    "http://www.w3.org/TR/xhtml1/DTD/xhtml1-transitional.dtd">
<html xmlns="http://www.w3.org/1999/xhtml" xml:lang="en" lang="en">
 <head>
  <title>
</title>
<meta http-equiv="Content-Type" content="text/html;charset=utf-8" />
  <meta name='ocr-system' content='tesseract 3.04.00' />
  <meta name='ocr-capabilities' content='ocr_page ocr_carea ocr_par ocr_line ocrx_word'/>
</head>
<body>
  <div class='ocr_page' id='page_1' title='image "./philippimelanth06melagoog_0220.png"; bbox 0 0 5934 6709; ppageno 0'>
   <div class='ocr_carea' id='block_1_1' title="bbox 483 522 1859 603">
    <p class='ocr_par' dir='ltr' id='par_1_1' title="bbox 483 522 1859 603">
     <span class='ocr_line' id='line_1_1' title="bbox 483 522 1859 603; baseline 0.004 -13"><span class='ocrx_word' id='word_1_1' title='bbox 483 532 548 603; x_wconf 64' lang='lat'><strong>131</strong></span> <span class='ocrx_word' id='word_1_2' title='bbox 1121 524 1235 592; x_wconf 82' lang='lat' dir='ltr'><strong>PillL.</strong></span> <span class='ocrx_word' id='word_1_3' title='bbox 1257 524 1363 594; x_wconf 77' lang='lat' dir='ltr'>nnn.</span> <span class='ocrx_word' id='word_1_4' title='bbox 1385 522 1574 593; x_wconf 78' lang='lat' dir='ltr'><strong>SCRlPTA</strong></span> <span class='ocrx_word' id='word_1_5' title='bbox 1595 523 1859 595; x_wconf 65' lang='lat' dir='ltr'><strong>monnica</strong></span> 
     </span>
    </p>
   </div>
   <div class='ocr_carea' id='block_1_2' title="bbox 456 710 2510 5549">
    <p class='ocr_par' dir='ltr' id='par_1_2' title="bbox 456 710 2510 5549">
     <span class='ocr_line' id='line_1_2' title="bbox 484 710 2502 803; baseline -0.006 -12"><span class='ocrx_word' id='word_1_6' title='bbox 484 724 561 791; x_wconf 88' lang='lat' dir='ltr'><strong>Fuit</strong></span> <span class='ocrx_word' id='word_1_7' title='bbox 582 742 642 789; x_wconf 88' lang='lat' dir='ltr'><strong>rex</strong></span> <span class='ocrx_word' id='word_1_8' title='bbox 664 740 702 785; x_wconf 84' lang='lat' dir='ltr'><strong>aa</strong></span> <span class='ocrx_word' id='word_1_9' title='bbox 728 724 812 793; x_wconf 86' lang='lat' dir='ltr'><strong>iens,</strong></span> <span class='ocrx_word' id='word_1_10' title='bbox 847 728 881 782; x_wconf 86' lang='lat' dir='ltr'><strong>et</strong></span> <span class='ocrx_word' id='word_1_11' title='bbox 908 736 1049 803; x_wconf 86' lang='lat' dir='ltr'><strong>magnas</strong></span> <span class='ocrx_word' id='word_1_12' title='bbox 1078 735 1133 779; x_wconf 88' lang='lat' dir='ltr'><strong>res</strong></span> <span class='ocrx_word' id='word_1_13' title='bbox 1161 716 1276 799; x_wconf 84' lang='lat' dir='ltr'><strong>gessit.</strong></span> <span class='ocrx_word' id='word_1_14' title='bbox 1322 714 1466 789; x_wconf 78' lang='lat' dir='ltr'><strong>Quando</strong></span> <span class='ocrx_word' id='word_1_15' title='bbox 1518 714 1602 780; x_wconf 89' lang='lat' dir='ltr'><strong>ritas</strong></span> <span class='ocrx_word' id='word_1_16' title='bbox 1625 727 1657 779; x_wconf 88' lang='lat' dir='ltr'><strong>et</strong></span> <span class='ocrx_word' id='word_1_17' title='bbox 1679 716 1820 780; x_wconf 81' lang='lat' dir='ltr'><strong>iustitia:</strong></span> <span class='ocrx_word' id='word_1_18' title='bbox 1842 715 1989 794; x_wconf 85' lang='lat' dir='ltr'><strong>Veritas,</strong></span> <span class='ocrx_word' id='word_1_19' title='bbox 2013 732 2093 780; x_wconf 80' lang='lat' dir='ltr'><strong>rere</strong></span> <span class='ocrx_word' id='word_1_20' title='bbox 2121 714 2272 779; x_wconf 85' lang='lat' dir='ltr'><strong>tribuens</strong></span> <span class='ocrx_word' id='word_1_21' title='bbox 2301 710 2502 798; x_wconf 81' lang='lat' dir='ltr'><strong>beneficium</strong></span> 
     </span>
     <span class='ocr_line' id='line_1_3' title="bbox 484 742 2503 895; baseline -0.005 -20"><span class='ocrx_word' id='word_1_22' title='bbox 484 812 516 876; x_wconf 83' lang='lat' dir='ltr'><strong>ei</strong></span> <span class='ocrx_word' id='word_1_23' title='bbox 538 820 590 877; x_wconf 85' lang='lat' dir='ltr'><strong>est</strong></span> <span class='ocrx_word' id='word_1_24' title='bbox 611 742 851 895; x_wconf 82' lang='lat' dir='ltr'><strong>signillcatum,</strong></span> <span class='ocrx_word' id='word_1_25' title='bbox 872 804 963 889; x_wconf 85' lang='lat' dir='ltr'><strong>qaod</strong></span> <span class='ocrx_word' id='word_1_26' title='bbox 997 798 1180 867; x_wconf 82' lang='lat' dir='ltr'><strong>deiecisset</strong></span> <span class='ocrx_word' id='word_1_27' title='bbox 1212 797 1344 886; x_wconf 86' lang='lat' dir='ltr'><strong>aliquis,</strong></span> <span class='ocrx_word' id='word_1_28' title='bbox 1377 804 1468 887; x_wconf 85' lang='lat' dir='ltr'><strong>quod</strong></span> <span class='ocrx_word' id='word_1_29' title='bbox 1517 798 1578 880; x_wconf 88' lang='lat' dir='ltr'><strong>illi,</strong></span> <span class='ocrx_word' id='word_1_30' title='bbox 1611 822 1634 869; x_wconf 92' lang='lat' dir='ltr'><strong>a</strong></span> <span class='ocrx_word' id='word_1_31' title='bbox 1666 822 1732 887; x_wconf 86' lang='lat' dir='ltr'><strong>quo</strong></span> <span class='ocrx_word' id='word_1_32' title='bbox 1756 799 1942 887; x_wconf 80' lang='lat' dir='ltr'><strong>proiectum</strong></span> <span class='ocrx_word' id='word_1_33' title='bbox 1975 812 2043 867; x_wconf 89' lang='lat' dir='ltr'><strong>est:</strong></span> <span class='ocrx_word' id='word_1_34' title='bbox 2075 800 2214 881; x_wconf 82' lang='lat' dir='ltr'><strong>lustitia,</strong></span> <span class='ocrx_word' id='word_1_35' title='bbox 2245 795 2403 885; x_wconf 83' lang='lat' dir='ltr'><strong>obligans</strong></span> <span class='ocrx_word' id='word_1_36' title='bbox 2435 816 2503 865; x_wconf 78' lang='lat' dir='ltr'><strong>nes</strong></span> 
     </span>
     <span class='ocr_line' id='line_1_4' title="bbox 485 882 2504 987; baseline -0.004 -25"><span class='ocrx_word' id='word_1_37' title='bbox 485 892 607 962; x_wconf 82' lang='lat' dir='ltr'><strong>luisset</strong></span> <span class='ocrx_word' id='word_1_38' title='bbox 628 896 792 981; x_wconf 81' lang='lat' dir='ltr'><strong>ingratus,</strong></span> <span class='ocrx_word' id='word_1_39' title='bbox 814 890 869 975; x_wconf 91' lang='lat' dir='ltr'><strong>qui</strong></span> <span class='ocrx_word' id='word_1_40' title='bbox 893 891 935 954; x_wconf 91' lang='lat' dir='ltr'><strong>ab</strong></span> <span class='ocrx_word' id='word_1_41' title='bbox 960 909 1001 954; x_wconf 89' lang='lat' dir='ltr'><strong>eo</strong></span> <span class='ocrx_word' id='word_1_42' title='bbox 1035 886 1154 953; x_wconf 75' lang='lat' dir='ltr'><strong>linisset</strong></span> <span class='ocrx_word' id='word_1_43' title='bbox 1187 886 1325 951; x_wconf 80' lang='lat' dir='ltr'><strong>allectas</strong></span> <span class='ocrx_word' id='word_1_44' title='bbox 1355 887 1466 955; x_wconf 89' lang='lat' dir='ltr'><strong>multis</strong></span> <span class='ocrx_word' id='word_1_45' title='bbox 1490 896 1495 987; x_wconf 66' lang='grc' dir='ltr'>Ι</span> <span class='ocrx_word' id='word_1_46' title='bbox 1519 888 1667 952; x_wconf 89' lang='lat' dir='ltr'><strong>vicissim</strong></span> <span class='ocrx_word' id='word_1_47' title='bbox 1688 889 1732 953; x_wconf 82' lang='lat' dir='ltr'><strong>ad</strong></span> <span class='ocrx_word' id='word_1_48' title='bbox 1755 886 2032 965; x_wconf 89' lang='lat' dir='ltr'><strong>benevolentiam,</strong></span> <span class='ocrx_word' id='word_1_49' title='bbox 2057 898 2091 953; x_wconf 84' lang='lat' dir='ltr'><strong>et</strong></span> <span class='ocrx_word' id='word_1_50' title='bbox 2111 882 2226 971; x_wconf 86' lang='lat' dir='ltr'><strong>aliqua</strong></span> <span class='ocrx_word' id='word_1_51' title='bbox 2247 882 2370 951; x_wconf 77' lang='lat' dir='ltr'><strong>atficta.</strong></span> <span class='ocrx_word' id='word_1_52' title='bbox 2412 884 2504 953; x_wconf 80' lang='lat' dir='ltr'><strong>sant</strong></span> 
     </span>
     <span class='ocr_line' id='line_1_5' title="bbox 484 966 2503 1062; baseline -0.005 -13"><span class='ocrx_word' id='word_1_53' title='bbox 484 980 668 1059; x_wconf 80' lang='lat' dir='ltr'><strong>beneficiis,</strong></span> <span class='ocrx_word' id='word_1_54' title='bbox 696 999 763 1043; x_wconf 90' lang='lat' dir='ltr'><strong>non</strong></span> <span class='ocrx_word' id='word_1_55' title='bbox 786 976 892 1062; x_wconf 89' lang='lat' dir='ltr'><strong>putuit</strong></span> <span class='ocrx_word' id='word_1_56' title='bbox 915 997 981 1040; x_wconf 92' lang='lat' dir='ltr'><strong>non</strong></span> <span class='ocrx_word' id='word_1_57' title='bbox 1005 975 1206 1040; x_wconf 77' lang='lat' dir='ltr'>commoveri</span> <span class='ocrx_word' id='word_1_58' title='bbox 1230 976 1379 1056; x_wconf 87' lang='lat' dir='ltr'><strong>primum,</strong></span> <span class='ocrx_word' id='word_1_59' title='bbox 1400 977 1467 1040; x_wconf 89' lang='lat' dir='ltr'><strong>sic·</strong></span> <span class='ocrx_word' id='word_1_60' title='bbox 1518 971 1622 1039; x_wconf 88' lang='lat' dir='ltr'><strong>multa</strong></span> <span class='ocrx_word' id='word_1_61' title='bbox 1644 978 1777 1041; x_wconf 88' lang='lat' dir='ltr'><strong>nomina</strong></span> <span class='ocrx_word' id='word_1_62' title='bbox 1801 976 1974 1050; x_wconf 89' lang='lat' dir='ltr'><strong>virtutum,</strong></span> <span class='ocrx_word' id='word_1_63' title='bbox 2008 993 2094 1059; x_wconf 88' lang='lat' dir='ltr'><strong>qnae</strong></span> <span class='ocrx_word' id='word_1_64' title='bbox 2121 970 2405 1055; x_wconf 83' lang='lat' dir='ltr'><strong>comprehendunt</strong></span> <span class='ocrx_word' id='word_1_65' title='bbox 2426 966 2503 1059; x_wconf 80' lang='lat' dir='ltr'><strong>plu·</strong></span> 
     </span>
     <span class='ocr_line' id='line_1_6' title="bbox 485 1057 2500 1147; baseline -0.007 -12"><span class='ocrx_word' id='word_1_66' title='bbox 485 1078 522 1135; x_wconf 90' lang='lat' dir='ltr'><strong>nt</strong></span> <span class='ocrx_word' id='word_1_67' title='bbox 551 1085 799 1135; x_wconf 82' lang='lat' dir='ltr'><strong>commovemur</strong></span> <span class='ocrx_word' id='word_1_68' title='bbox 826 1062 1028 1147; x_wconf 68' lang='lat' dir='ltr'><strong>cogitatione</strong></span> <span class='ocrx_word' id='word_1_69' title='bbox 1056 1060 1298 1146; x_wconf 76' lang='lat' dir='ltr'>ingratitudinis</span> <span class='ocrx_word' id='word_1_70' title='bbox 1328 1058 1467 1140; x_wconf 89' lang='lat' dir='ltr'><strong>alienae,</strong></span> <span class='ocrx_word' id='word_1_71' title='bbox 1518 1081 1576 1126; x_wconf 81' lang='lat' dir='ltr'><strong>res</strong></span> <span class='ocrx_word' id='word_1_72' title='bbox 1612 1062 1764 1126; x_wconf 83' lang='lat' dir='ltr'><strong>virtutes:</strong></span> <span class='ocrx_word' id='word_1_73' title='bbox 1801 1064 1888 1124; x_wconf 89' lang='lat' dir='ltr'><strong>sieut</strong></span> <span class='ocrx_word' id='word_1_74' title='bbox 1921 1072 1999 1125; x_wconf 87' lang='lat' dir='ltr'><strong>sant</strong></span> <span class='ocrx_word' id='word_1_75' title='bbox 2031 1058 2135 1124; x_wconf 86' lang='lat' dir='ltr'><strong>malta</strong></span> <span class='ocrx_word' id='word_1_76' title='bbox 2166 1060 2297 1123; x_wconf 85' lang='lat' dir='ltr'><strong>nentina</strong></span> <span class='ocrx_word' id='word_1_77' title='bbox 2331 1057 2500 1139; x_wconf 82' lang='lat' dir='ltr'><strong>vitiorum,</strong></span> 
     </span>
     <span class='ocr_line' id='line_1_7' title="bbox 483 1142 2501 1233; baseline -0.007 -11"><span class='ocrx_word' id='word_1_78' title='bbox 483 1175 552 1223; x_wconf 85' lang='lat' dir='ltr'><strong>non</strong></span> <span class='ocrx_word' id='word_1_79' title='bbox 573 1165 722 1221; x_wconf 73' lang='lat' dir='ltr'><strong>nostrae.</strong></span> <span class='ocrx_word' id='word_1_80' title='bbox 766 1148 836 1216; x_wconf 86' lang='lat' dir='ltr'><strong>Sed</strong></span> <span class='ocrx_word' id='word_1_81' title='bbox 858 1162 967 1212; x_wconf 79' lang='lat' dir='ltr'><strong>tantan</strong></span> <span class='ocrx_word' id='word_1_82' title='bbox 990 1145 1108 1212; x_wconf 88' lang='lat' dir='ltr'><strong>solitus</strong></span> <span class='ocrx_word' id='word_1_83' title='bbox 1131 1161 1182 1211; x_wconf 87' lang='lat' dir='ltr'><strong>est</strong></span> <span class='ocrx_word' id='word_1_84' title='bbox 1212 1166 1251 1209; x_wconf 89' lang='lat' dir='ltr'><strong>se</strong></span> <span class='ocrx_word' id='word_1_85' title='bbox 1273 1148 1468 1231; x_wconf 71' lang='lat' dir='ltr'><strong>reprimeret</strong></span> <span class='ocrx_word' id='word_1_86' title='bbox 1519 1167 1606 1233; x_wconf 88' lang='lat' dir='ltr'><strong>quae</strong></span> <span class='ocrx_word' id='word_1_87' title='bbox 1633 1147 1917 1231; x_wconf 85' lang='lat' dir='ltr'><strong>comprehendunt</strong></span> <span class='ocrx_word' id='word_1_88' title='bbox 1945 1144 2040 1230; x_wconf 92' lang='lat' dir='ltr'><strong>plura</strong></span> <span class='ocrx_word' id='word_1_89' title='bbox 2069 1147 2157 1210; x_wconf 91' lang='lat' dir='ltr'><strong>vitia.</strong></span> <span class='ocrx_word' id='word_1_90' title='bbox 2202 1142 2376 1209; x_wconf 85' lang='lat' dir='ltr'><strong>llurnilitas</strong></span> <span class='ocrx_word' id='word_1_91' title='bbox 2406 1164 2501 1209; x_wconf 88' lang='lat' dir='ltr'><strong>com·</strong></span> 
     </span>
     <span class='ocr_line' id='line_1_8' title="bbox 485 1230 2503 1329; baseline -0 -32"><span class='ocrx_word' id='word_1_92' title='bbox 485 1239 548 1316; x_wconf 78' lang='lat' dir='ltr'><strong>Ab,</strong></span> <span class='ocrx_word' id='word_1_93' title='bbox 572 1240 667 1307; x_wconf 77' lang='lat' dir='ltr'><strong>(iixitz</strong></span> <span class='ocrx_word' id='word_1_94' title='bbox 688 1257 785 1320; x_wconf 82' lang='lat' dir='ltr'><strong>querc</strong></span> <span class='ocrx_word' id='word_1_95' title='bbox 806 1257 865 1315; x_wconf 77' lang='lat' dir='ltr'><strong>epo</strong></span> <span class='ocrx_word' id='word_1_96' title='bbox 887 1238 1011 1294; x_wconf 83' lang='lat' dir='ltr'><strong>irascar</strong></span> <span class='ocrx_word' id='word_1_97' title='bbox 1032 1233 1099 1299; x_wconf 75' lang='lat' dir='ltr'><strong>illi.</strong></span> <span class='ocrx_word' id='word_1_98' title='bbox 1121 1233 1207 1315; x_wconf 80' lang='lat' dir='ltr'><strong>qttod</strong></span> <span class='ocrx_word' id='word_1_99' title='bbox 1228 1231 1303 1293; x_wconf 79' lang='lat' dir='ltr'><strong>taidi</strong></span> <span class='ocrx_word' id='word_1_100' title='bbox 1324 1237 1468 1314; x_wconf 73' lang='lat' dir='ltr'><strong>irrprtrlar</strong></span> <span class='ocrx_word' id='word_1_101' title='bbox 1491 1262 1497 1329; x_wconf 65' lang='lat' dir='ltr'>J</span> <span class='ocrx_word' id='word_1_102' title='bbox 1519 1231 1696 1319; x_wconf 72' lang='lat' dir='ltr'>prehendit</span> <span class='ocrx_word' id='word_1_103' title='bbox 1733 1230 1855 1298; x_wconf 85' lang='lat' dir='ltr'><strong>amitas</strong></span> <span class='ocrx_word' id='word_1_104' title='bbox 1894 1235 2044 1299; x_wconf 72' lang='lat' dir='ltr'><strong>virtutes,</strong></span> <span class='ocrx_word' id='word_1_105' title='bbox 2107 1231 2156 1295; x_wconf 81' lang='lat' dir='ltr'><strong>lta</strong></span> <span class='ocrx_word' id='word_1_106' title='bbox 2194 1233 2291 1296; x_wconf 83' lang='lat' dir='ltr'><strong>etlam</strong></span> <span class='ocrx_word' id='word_1_107' title='bbox 2331 1230 2503 1316; x_wconf 70' lang='lat' dir='ltr'><strong>gratitudo</strong></span> 
     </span>
     <span class='ocr_line' id='line_1_9' title="bbox 484 1316 2506 1424; baseline -0.004 -35"><span class='ocrx_word' id='word_1_108' title='bbox 484 1330 544 1409; x_wconf 75' lang='lat' dir='ltr'><strong>alt3</strong></span> <span class='ocrx_word' id='word_1_109' title='bbox 566 1324 639 1407; x_wconf 75' lang='lat'><strong>1390</strong></span> <span class='ocrx_word' id='word_1_110' title='bbox 659 1324 754 1385; x_wconf 87' lang='lat' dir='ltr'><strong>mullo</strong></span> <span class='ocrx_word' id='word_1_111' title='bbox 771 1322 940 1382; x_wconf 72' lang='lat' dir='ltr'><strong>trucioribus</strong></span> <span class='ocrx_word' id='word_1_112' title='bbox 961 1321 1192 1401; x_wconf 75' lang='lat' dir='ltr'><strong>bratefieiirsum</strong></span> <span class='ocrx_word' id='word_1_113' title='bbox 1213 1320 1468 1400; x_wconf 64' lang='lat' dir='ltr'><strong>effetaturuDeO,</strong></span> <span class='ocrx_word' id='word_1_114' title='bbox 1492 1336 1496 1424; x_wconf 54' lang='grc' dir='ltr'><strong>ᾗ</strong></span> <span class='ocrx_word' id='word_1_115' title='bbox 1517 1320 1770 1403; x_wconf 80' lang='lat' dir='ltr'><strong>cotapreltentllt</strong></span> <span class='ocrx_word' id='word_1_116' title='bbox 1814 1316 1930 1403; x_wconf 68' lang='lat' dir='ltr'><strong>[alares</strong></span> <span class='ocrx_word' id='word_1_117' title='bbox 1979 1320 2129 1383; x_wconf 83' lang='lat' dir='ltr'><strong>virtutes.</strong></span> <span class='ocrx_word' id='word_1_118' title='bbox 2198 1317 2376 1381; x_wconf 74' lang='lat' dir='ltr'><strong>(iratitudo</strong></span> <span class='ocrx_word' id='word_1_119' title='bbox 2416 1336 2506 1405; x_wconf 68' lang='lat' dir='ltr'><strong>erge.</strong></span> 
     </span>
     <span class='ocr_line' id='line_1_10' title="bbox 485 1399 2506 1492; baseline -0.003 -17"><span class='ocrx_word' id='word_1_120' title='bbox 485 1420 518 1479; x_wconf 83' lang='lat' dir='ltr'><strong>et</strong></span> <span class='ocrx_word' id='word_1_121' title='bbox 538 1412 634 1475; x_wconf 80' lang='lat' dir='ltr'><strong>multo</strong></span> <span class='ocrx_word' id='word_1_122' title='bbox 656 1413 757 1492; x_wconf 74' lang='lat' dir='ltr'><strong>alapis</strong></span> <span class='ocrx_word' id='word_1_123' title='bbox 778 1429 843 1468; x_wconf 80' lang='lat' dir='ltr'><strong>eran</strong></span> <span class='ocrx_word' id='word_1_124' title='bbox 865 1410 1010 1485; x_wconf 74' lang='lat' dir='ltr'><strong>irrpratus</strong></span> <span class='ocrx_word' id='word_1_125' title='bbox 1037 1405 1109 1468; x_wconf 85' lang='lat' dir='ltr'><strong>Deo</strong></span> <span class='ocrx_word' id='word_1_126' title='bbox 1132 1427 1207 1469; x_wconf 83' lang='lat' dir='ltr'><strong>meo.</strong></span> <span class='ocrx_word' id='word_1_127' title='bbox 1252 1404 1313 1469; x_wconf 83' lang='lat' dir='ltr'><strong>Est</strong></span> <span class='ocrx_word' id='word_1_128' title='bbox 1334 1408 1467 1471; x_wconf 81' lang='lat' dir='ltr'><strong>ornarino</strong></span> <span class='ocrx_word' id='word_1_129' title='bbox 1518 1403 1641 1483; x_wconf 88' lang='lat' dir='ltr'><strong>Deum,</strong></span> <span class='ocrx_word' id='word_1_130' title='bbox 1659 1418 1710 1471; x_wconf 89' lang='lat' dir='ltr'><strong>est</strong></span> <span class='ocrx_word' id='word_1_131' title='bbox 1728 1407 1846 1483; x_wconf 84' lang='lat' dir='ltr'><strong>virtus,</strong></span> <span class='ocrx_word' id='word_1_132' title='bbox 1868 1407 1902 1468; x_wconf 95' lang='lat' dir='ltr'><strong>in</strong></span> <span class='ocrx_word' id='word_1_133' title='bbox 1924 1425 1990 1491; x_wconf 87' lang='lat' dir='ltr'><strong>qna</strong></span> <span class='ocrx_word' id='word_1_134' title='bbox 2012 1417 2090 1469; x_wconf 85' lang='lat' dir='ltr'><strong>sunt</strong></span> <span class='ocrx_word' id='word_1_135' title='bbox 2109 1399 2296 1487; x_wconf 79' lang='lat' dir='ltr'><strong>copulatae,</strong></span> <span class='ocrx_word' id='word_1_136' title='bbox 2317 1402 2446 1469; x_wconf 83' lang='lat' dir='ltr'><strong>veritus</strong></span> <span class='ocrx_word' id='word_1_137' title='bbox 2466 1412 2506 1469; x_wconf 86' lang='lat' dir='ltr'><strong>et</strong></span> 
     </span>
     <span class='ocr_line' id='line_1_11' title="bbox 485 1488 2503 1586; baseline -0.005 -20"><span class='ocrx_word' id='word_1_138' title='bbox 485 1520 611 1586; x_wconf 86' lang='lat' dir='ltr'><strong>magno</strong></span> <span class='ocrx_word' id='word_1_139' title='bbox 645 1508 678 1561; x_wconf 92' lang='lat' dir='ltr'><strong>et</strong></span> <span class='ocrx_word' id='word_1_140' title='bbox 699 1498 852 1578; x_wconf 76' lang='lat' dir='ltr'><strong>sapiente</strong></span> <span class='ocrx_word' id='word_1_141' title='bbox 874 1492 967 1577; x_wconf 86' lang='lat' dir='ltr'><strong>llcge</strong></span> <span class='ocrx_word' id='word_1_142' title='bbox 1001 1494 1102 1577; x_wconf 90' lang='lat' dir='ltr'><strong>digna</strong></span> <span class='ocrx_word' id='word_1_143' title='bbox 1135 1512 1218 1555; x_wconf 88' lang='lat' dir='ltr'><strong>vox:</strong></span> <span class='ocrx_word' id='word_1_144' title='bbox 1252 1493 1339 1557; x_wconf 82' lang='lat' dir='ltr'><strong>sicut</strong></span> <span class='ocrx_word' id='word_1_145' title='bbox 1372 1494 1467 1556; x_wconf 85' lang='lat' dir='ltr'><strong>etiarn</strong></span> <span class='ocrx_word' id='word_1_146' title='bbox 1519 1492 1652 1557; x_wconf 88' lang='lat' dir='ltr'><strong>iustitia.</strong></span> <span class='ocrx_word' id='word_1_147' title='bbox 1701 1491 1845 1569; x_wconf 82' lang='lat' dir='ltr'><strong>Veritas,</strong></span> <span class='ocrx_word' id='word_1_148' title='bbox 1863 1491 2012 1556; x_wconf 87' lang='lat' dir='ltr'><strong>tribuens</strong></span> <span class='ocrx_word' id='word_1_149' title='bbox 2030 1488 2116 1569; x_wconf 90' lang='lat' dir='ltr'><strong>Deo,</strong></span> <span class='ocrx_word' id='word_1_150' title='bbox 2138 1490 2228 1575; x_wconf 90' lang='lat' dir='ltr'><strong>quod</strong></span> <span class='ocrx_word' id='word_1_151' title='bbox 2250 1508 2329 1554; x_wconf 85' lang='lat' dir='ltr'><strong>vera</strong></span> <span class='ocrx_word' id='word_1_152' title='bbox 2356 1488 2503 1575; x_wconf 84' lang='lat' dir='ltr'><strong>abipso</strong></span> 
     </span>
     <span class='ocr_line' id='line_1_12' title="bbox 485 1574 2505 1664; baseline -0.007 -13"><span class='ocrx_word' id='word_1_153' title='bbox 485 1580 548 1651; x_wconf 79' lang='lat' dir='ltr'><strong>fuit</strong></span> <span class='ocrx_word' id='word_1_154' title='bbox 581 1578 673 1649; x_wconf 79' lang='lat' dir='ltr'><strong>talis:</strong></span> <span class='ocrx_word' id='word_1_155' title='bbox 717 1583 764 1646; x_wconf 75' lang='lat' dir='ltr'><strong>lir</strong></span> <span class='ocrx_word' id='word_1_156' title='bbox 800 1582 843 1643; x_wconf 85' lang='lat' dir='ltr'><strong>ist</strong></span> <span class='ocrx_word' id='word_1_157' title='bbox 876 1582 926 1641; x_wconf 79' lang='lat' dir='ltr'><strong>rin</strong></span> <span class='ocrx_word' id='word_1_158' title='bbox 967 1576 1147 1664; x_wconf 65' lang='lat' dir='ltr'><strong>trefflicher</strong></span> <span class='ocrx_word' id='word_1_159' title='bbox 1179 1576 1286 1640; x_wconf 81' lang='lat' dir='ltr'><strong>diana</strong></span> <span class='ocrx_word' id='word_1_160' title='bbox 1316 1598 1466 1662; x_wconf 73' lang='lat' dir='ltr'><strong>petreum.</strong></span> <span class='ocrx_word' id='word_1_161' title='bbox 1519 1575 1703 1661; x_wconf 87' lang='lat' dir='ltr'><strong>prolectam</strong></span> <span class='ocrx_word' id='word_1_162' title='bbox 1723 1580 1766 1640; x_wconf 85' lang='lat' dir='ltr'><strong>sit</strong></span> <span class='ocrx_word' id='word_1_163' title='bbox 1786 1576 1998 1643; x_wconf 76' lang='lat' dir='ltr'><strong>beneficium:</strong></span> <span class='ocrx_word' id='word_1_164' title='bbox 2021 1577 2092 1637; x_wconf 82' lang='lat' dir='ltr'><strong>Das</strong></span> <span class='ocrx_word' id='word_1_165' title='bbox 2113 1580 2171 1637; x_wconf 82' lang='lat' dir='ltr'><strong>wir</strong></span> <span class='ocrx_word' id='word_1_166' title='bbox 2192 1596 2225 1640; x_wconf 82' lang='lat' dir='ltr'><strong>es</strong></span> <span class='ocrx_word' id='word_1_167' title='bbox 2245 1574 2333 1636; x_wconf 83' lang='lat' dir='ltr'><strong>nteit</strong></span> <span class='ocrx_word' id='word_1_168' title='bbox 2360 1594 2422 1636; x_wconf 79' lang='lat' dir='ltr'><strong>aon</strong></span> <span class='ocrx_word' id='word_1_169' title='bbox 2443 1596 2505 1637; x_wconf 75' lang='lat' dir='ltr'><strong>m</strong></span> 
     </span>
     <span class='ocr_line' id='line_1_13' title="bbox 487 1660 2502 1751; baseline -0.005 -14"><span class='ocrx_word' id='word_1_170' title='bbox 487 1668 678 1737; x_wconf 78' lang='lat' dir='ltr'><strong>Fridericus</strong></span> <span class='ocrx_word' id='word_1_171' title='bbox 712 1667 912 1751; x_wconf 86' lang='lat' dir='ltr'><strong>lmperator,</strong></span> <span class='ocrx_word' id='word_1_172' title='bbox 942 1679 1038 1749; x_wconf 87' lang='lat' dir='ltr'><strong>pater</strong></span> <span class='ocrx_word' id='word_1_173' title='bbox 1059 1660 1291 1740; x_wconf 82' lang='lat' dir='ltr'><strong>lllaximiliani,</strong></span> <span class='ocrx_word' id='word_1_174' title='bbox 1319 1665 1378 1729; x_wconf 88' lang='lat' dir='ltr'><strong>l&#39;uit</strong></span> <span class='ocrx_word' id='word_1_175' title='bbox 1408 1663 1467 1730; x_wconf 92' lang='lat' dir='ltr'><strong>ho·</strong></span> <span class='ocrx_word' id='word_1_176' title='bbox 1518 1664 1626 1746; x_wconf 78' lang='lat' dir='ltr'><strong>labet,</strong></span> <span class='ocrx_word' id='word_1_177' title='bbox 1648 1665 1784 1728; x_wconf 71' lang='lat' dir='ltr'><strong>aolidem</strong></span> <span class='ocrx_word' id='word_1_178' title='bbox 1806 1684 1865 1724; x_wconf 85' lang='lat' dir='ltr'><strong>oon</strong></span> <span class='ocrx_word' id='word_1_179' title='bbox 1888 1663 1976 1724; x_wconf 85' lang='lat' dir='ltr'><strong>Gott.</strong></span> <span class='ocrx_word' id='word_1_180' title='bbox 2021 1664 2058 1727; x_wconf 78' lang='lat' dir='ltr'><strong>Si</strong></span> <span class='ocrx_word' id='word_1_181' title='bbox 2080 1665 2155 1748; x_wconf 83' lang='lat' dir='ltr'><strong>qtris</strong></span> <span class='ocrx_word' id='word_1_182' title='bbox 2177 1681 2304 1747; x_wconf 89' lang='lat' dir='ltr'><strong>pauper</strong></span> <span class='ocrx_word' id='word_1_183' title='bbox 2330 1661 2502 1727; x_wconf 79' lang='lat' dir='ltr'><strong>haesisset</strong></span> 
     </span>
     <span class='ocr_line' id='line_1_14' title="bbox 485 1746 2500 1843; baseline -0.005 -22"><span class='ocrx_word' id='word_1_184' title='bbox 485 1776 566 1843; x_wconf 77' lang='lat' dir='ltr'><strong>spes</strong></span> <span class='ocrx_word' id='word_1_185' title='bbox 588 1758 660 1821; x_wconf 87' lang='lat' dir='ltr'><strong>eius</strong></span> <span class='ocrx_word' id='word_1_186' title='bbox 681 1749 834 1836; x_wconf 77' lang='lat' dir='ltr'><strong>Neapoli,</strong></span> <span class='ocrx_word' id='word_1_187' title='bbox 868 1763 901 1816; x_wconf 87' lang='lat' dir='ltr'><strong>et</strong></span> <span class='ocrx_word' id='word_1_188' title='bbox 932 1772 1006 1815; x_wconf 91' lang='lat' dir='ltr'><strong>cum</strong></span> <span class='ocrx_word' id='word_1_189' title='bbox 1028 1747 1223 1834; x_wconf 84' lang='lat' dir='ltr'><strong>Alpbonsus</strong></span> <span class='ocrx_word' id='word_1_190' title='bbox 1256 1752 1285 1813; x_wconf 91' lang='lat' dir='ltr'><strong>ei</strong></span> <span class='ocrx_word' id='word_1_191' title='bbox 1309 1752 1494 1818; x_wconf 87' lang='lat' dir='ltr'><strong>tribueret.</strong></span> <span class='ocrx_word' id='word_1_192' title='bbox 1519 1754 1551 1815; x_wconf 95' lang='lat' dir='ltr'><strong>in</strong></span> <span class='ocrx_word' id='word_1_193' title='bbox 1575 1772 1696 1837; x_wconf 79' lang='lat' dir='ltr'><strong>ariagne</strong></span> <span class='ocrx_word' id='word_1_194' title='bbox 1719 1748 1818 1829; x_wconf 87' lang='lat' dir='ltr'><strong>rnalo,</strong></span> <span class='ocrx_word' id='word_1_195' title='bbox 1842 1747 1984 1814; x_wconf 88' lang='lat' dir='ltr'><strong>etaltns</strong></span> <span class='ocrx_word' id='word_1_196' title='bbox 2007 1750 2153 1813; x_wconf 90' lang='lat' dir='ltr'><strong>dedisset</strong></span> <span class='ocrx_word' id='word_1_197' title='bbox 2179 1750 2209 1811; x_wconf 87' lang='lat' dir='ltr'><strong>ei</strong></span> <span class='ocrx_word' id='word_1_198' title='bbox 2231 1759 2343 1813; x_wconf 87' lang='lat' dir='ltr'><strong>mutuo</strong></span> <span class='ocrx_word' id='word_1_199' title='bbox 2368 1746 2429 1811; x_wconf 84' lang='lat'><strong>1⁰0</strong></span> <span class='ocrx_word' id='word_1_200' title='bbox 2449 1746 2500 1828; x_wconf 78' lang='lat' dir='ltr'><strong>lb,</strong></span> 
     </span>
     <span class='ocr_line' id='line_1_15' title="bbox 485 1828 2503 1933; baseline -0.004 -26"><span class='ocrx_word' id='word_1_201' title='bbox 485 1842 690 1928; x_wconf 86' lang='lat' dir='ltr'><strong>superiorem</strong></span> <span class='ocrx_word' id='word_1_202' title='bbox 713 1838 844 1916; x_wconf 83' lang='lat' dir='ltr'><strong>locant,</strong></span> <span class='ocrx_word' id='word_1_203' title='bbox 866 1848 899 1901; x_wconf 90' lang='lat' dir='ltr'><strong>et</strong></span> <span class='ocrx_word' id='word_1_204' title='bbox 932 1848 1148 1901; x_wconf 68' lang='lat' dir='ltr'><strong>toleraretur</strong></span> <span class='ocrx_word' id='word_1_205' title='bbox 1180 1857 1266 1914; x_wconf 82' lang='lat' dir='ltr'><strong>euna,</strong></span> <span class='ocrx_word' id='word_1_206' title='bbox 1302 1847 1468 1923; x_wconf 88' lang='lat' dir='ltr'><strong>tamquam</strong></span> <span class='ocrx_word' id='word_1_207' title='bbox 1491 1872 1496 1933; x_wconf 65' lang='grc'>1</span> <span class='ocrx_word' id='word_1_208' title='bbox 1519 1850 1554 1901; x_wconf 91' lang='lat' dir='ltr'><strong>at</strong></span> <span class='ocrx_word' id='word_1_209' title='bbox 1577 1834 1774 1901; x_wconf 84' lang='lat' dir='ltr'><strong>liberaretur</strong></span> <span class='ocrx_word' id='word_1_210' title='bbox 1791 1842 1857 1901; x_wconf 82' lang='lat' dir='ltr'><strong>isto</strong></span> <span class='ocrx_word' id='word_1_211' title='bbox 1880 1832 1984 1900; x_wconf 82' lang='lat' dir='ltr'><strong>nralo:</strong></span> <span class='ocrx_word' id='word_1_212' title='bbox 2015 1833 2072 1900; x_wconf 87' lang='lat' dir='ltr'><strong>ille</strong></span> <span class='ocrx_word' id='word_1_213' title='bbox 2092 1855 2175 1900; x_wconf 91' lang='lat' dir='ltr'><strong>vero</strong></span> <span class='ocrx_word' id='word_1_214' title='bbox 2198 1846 2351 1919; x_wconf 84' lang='lat' dir='ltr'><strong>negaret,</strong></span> <span class='ocrx_word' id='word_1_215' title='bbox 2379 1853 2420 1898; x_wconf 89' lang='lat' dir='ltr'><strong>se</strong></span> <span class='ocrx_word' id='word_1_216' title='bbox 2439 1828 2503 1898; x_wconf 73' lang='lat' dir='ltr'><strong>ali·</strong></span> 
     </span>
     <span class='ocr_line' id='line_1_16' title="bbox 485 1916 2504 2013; baseline -0.005 -18"><span class='ocrx_word' id='word_1_217' title='bbox 485 1928 733 2013; x_wconf 80' lang='lat' dir='ltr'><strong>imperatorem,</strong></span> <span class='ocrx_word' id='word_1_218' title='bbox 764 1945 839 1989; x_wconf 89' lang='lat' dir='ltr'><strong>omn</strong></span> <span class='ocrx_word' id='word_1_219' title='bbox 866 1924 998 2010; x_wconf 87' lang='lat' dir='ltr'><strong>quidem</strong></span> <span class='ocrx_word' id='word_1_220' title='bbox 1020 1918 1216 2006; x_wconf 79' lang='lat' dir='ltr'><strong>Alpbonsns</strong></span> <span class='ocrx_word' id='word_1_221' title='bbox 1244 1933 1335 1986; x_wconf 86' lang='lat' dir='ltr'><strong>esset</strong></span> <span class='ocrx_word' id='word_1_222' title='bbox 1363 1926 1468 1988; x_wconf 82' lang='lat' dir='ltr'><strong>nraior</strong></span> <span class='ocrx_word' id='word_1_223' title='bbox 1492 1984 1495 1995; x_wconf 86' lang='grc'><em>,</em></span> <span class='ocrx_word' id='word_1_224' title='bbox 1518 1923 1607 1988; x_wconf 91' lang='lat' dir='ltr'><strong>unde</strong></span> <span class='ocrx_word' id='word_1_225' title='bbox 1629 1923 1878 1994; x_wconf 66' lang='lat' dir='ltr'><strong>adinvenisse,</strong></span> <span class='ocrx_word' id='word_1_226' title='bbox 1898 1919 2267 2007; x_wconf 80' lang='lat' dir='ltr'><strong>etnegligeretistnm:</strong></span> <span class='ocrx_word' id='word_1_227' title='bbox 2289 1916 2504 1987; x_wconf 77' lang='lat' dir='ltr'><strong>essetlnomo</strong></span> 
     </span>
     <span class='ocr_line' id='line_1_17' title="bbox 485 2006 2505 2097; baseline -0.004 -17"><span class='ocrx_word' id='word_1_228' title='bbox 485 2026 580 2081; x_wconf 84' lang='lat' dir='ltr'><strong>natu:</strong></span> <span class='ocrx_word' id='word_1_229' title='bbox 616 2025 668 2077; x_wconf 88' lang='lat' dir='ltr'><strong>est</strong></span> <span class='ocrx_word' id='word_1_230' title='bbox 698 2007 923 2097; x_wconf 88' lang='lat' dir='ltr'><strong>reprehensus</strong></span> <span class='ocrx_word' id='word_1_231' title='bbox 943 2012 984 2073; x_wconf 91' lang='lat' dir='ltr'><strong>ab</strong></span> <span class='ocrx_word' id='word_1_232' title='bbox 1009 2008 1249 2085; x_wconf 80' lang='lat' dir='ltr'><strong>adulatoribus,</strong></span> <span class='ocrx_word' id='word_1_233' title='bbox 1271 2030 1313 2072; x_wconf 89' lang='lat' dir='ltr'><strong>ne</strong></span> <span class='ocrx_word' id='word_1_234' title='bbox 1336 2021 1469 2096; x_wconf 82' lang='lat' dir='ltr'><strong>gereret</strong></span> <span class='ocrx_word' id='word_1_235' title='bbox 1492 2064 1496 2097; x_wconf 60' lang='grc' dir='ltr'>Ι</span> <span class='ocrx_word' id='word_1_236' title='bbox 1519 2010 1671 2073; x_wconf 79' lang='lat' dir='ltr'><strong>rtiendax.</strong></span> <span class='ocrx_word' id='word_1_237' title='bbox 1716 2009 1802 2072; x_wconf 89' lang='lat' dir='ltr'><strong>Nam</strong></span> <span class='ocrx_word' id='word_1_238' title='bbox 1830 2010 1861 2073; x_wconf 92' lang='lat' dir='ltr'><strong>in</strong></span> <span class='ocrx_word' id='word_1_239' title='bbox 1892 2009 1979 2071; x_wconf 88' lang='lat' dir='ltr'><strong>omni</strong></span> <span class='ocrx_word' id='word_1_240' title='bbox 2013 2007 2247 2093; x_wconf 88' lang='lat' dir='ltr'><strong>ingratitudine</strong></span> <span class='ocrx_word' id='word_1_241' title='bbox 2281 2017 2331 2070; x_wconf 83' lang='lat' dir='ltr'><strong>est</strong></span> <span class='ocrx_word' id='word_1_242' title='bbox 2365 2006 2505 2072; x_wconf 86' lang='lat' dir='ltr'><strong>menda·</strong></span> 
     </span>
     <span class='ocr_line' id='line_1_18' title="bbox 486 2090 2506 2182; baseline -0.004 -17"><span class='ocrx_word' id='word_1_243' title='bbox 486 2121 527 2166; x_wconf 88' lang='lat' dir='ltr'><strong>se</strong></span> <span class='ocrx_word' id='word_1_244' title='bbox 547 2098 632 2165; x_wconf 87' lang='lat' dir='ltr'><strong>adeo</strong></span> <span class='ocrx_word' id='word_1_245' title='bbox 666 2095 834 2163; x_wconf 89' lang='lat' dir='ltr'><strong>bmniliter</strong></span> <span class='ocrx_word' id='word_1_246' title='bbox 867 2115 948 2180; x_wconf 85' lang='lat' dir='ltr'><strong>erga</strong></span> <span class='ocrx_word' id='word_1_247' title='bbox 981 2095 1192 2182; x_wconf 89' lang='lat' dir='ltr'><strong>peregrinum</strong></span> <span class='ocrx_word' id='word_1_248' title='bbox 1216 2092 1356 2181; x_wconf 83' lang='lat' dir='ltr'><strong>Regem:</strong></span> <span class='ocrx_word' id='word_1_249' title='bbox 1390 2097 1469 2174; x_wconf 86' lang='lat' dir='ltr'><strong>Ima,</strong></span> <span class='ocrx_word' id='word_1_250' title='bbox 1492 2100 1495 2129; x_wconf 78' lang='lat'><strong>²</strong></span> <span class='ocrx_word' id='word_1_251' title='bbox 1519 2095 1616 2173; x_wconf 86' lang='lat' dir='ltr'><strong>eiurn,</strong></span> <span class='ocrx_word' id='word_1_252' title='bbox 1638 2096 1724 2160; x_wconf 87' lang='lat' dir='ltr'><strong>sieut</strong></span> <span class='ocrx_word' id='word_1_253' title='bbox 1742 2096 1775 2158; x_wconf 96' lang='lat' dir='ltr'><strong>in</strong></span> <span class='ocrx_word' id='word_1_254' title='bbox 1795 2093 1964 2158; x_wconf 78' lang='lat' dir='ltr'><strong>beneficiis</strong></span> <span class='ocrx_word' id='word_1_255' title='bbox 1982 2094 2101 2157; x_wconf 92' lang='lat' dir='ltr'><strong>divinis</strong></span> <span class='ocrx_word' id='word_1_256' title='bbox 2120 2090 2266 2157; x_wconf 85' lang='lat' dir='ltr'><strong>sacillinc</strong></span> <span class='ocrx_word' id='word_1_257' title='bbox 2282 2111 2361 2177; x_wconf 86' lang='lat' dir='ltr'><strong>pers</strong></span> <span class='ocrx_word' id='word_1_258' title='bbox 2386 2093 2506 2169; x_wconf 71' lang='lat' dir='ltr'><strong>iciturt</strong></span> 
     </span>
     <span class='ocr_line' id='line_1_19' title="bbox 485 2114 2507 2274; baseline -0.003 -25"><span class='ocrx_word' id='word_1_259' title='bbox 485 2186 602 2274; x_wconf 84' lang='lat' dir='ltr'><strong>lnquit,</strong></span> <span class='ocrx_word' id='word_1_260' title='bbox 627 2184 765 2246; x_wconf 82' lang='lat' dir='ltr'><strong>Vestrum</strong></span> <span class='ocrx_word' id='word_1_261' title='bbox 784 2203 847 2243; x_wconf 79' lang='lat' dir='ltr'><strong>aron</strong></span> <span class='ocrx_word' id='word_1_262' title='bbox 869 2191 916 2246; x_wconf 86' lang='lat' dir='ltr'><strong>est</strong></span> <span class='ocrx_word' id='word_1_263' title='bbox 937 2182 1082 2245; x_wconf 76' lang='lat' dir='ltr'><strong>indicare</strong></span> <span class='ocrx_word' id='word_1_264' title='bbox 1103 2180 1145 2243; x_wconf 82' lang='lat' dir='ltr'><strong>tle</strong></span> <span class='ocrx_word' id='word_1_265' title='bbox 1167 2181 1305 2261; x_wconf 57' lang='lat' dir='ltr'><strong>reatuum</strong></span> <span class='ocrx_word' id='word_1_266' title='bbox 1328 2181 1397 2243; x_wconf 82' lang='lat' dir='ltr'><strong>Nos</strong></span> <span class='ocrx_word' id='word_1_267' title='bbox 1423 2204 1470 2245; x_wconf 85' lang='lat' dir='ltr'><strong>re·</strong></span> <span class='ocrx_word' id='word_1_268' title='bbox 1518 2184 1573 2246; x_wconf 92' lang='lat' dir='ltr'><strong>ubi</strong></span> <span class='ocrx_word' id='word_1_269' title='bbox 1604 2180 1772 2259; x_wconf 86' lang='lat' dir='ltr'><strong>bernines,</strong></span> <span class='ocrx_word' id='word_1_270' title='bbox 1796 2181 1930 2266; x_wconf 83' lang='lat' dir='ltr'><strong>qtrantlo</strong></span> <span class='ocrx_word' id='word_1_271' title='bbox 1952 2201 1972 2242; x_wconf 89' lang='lat' dir='ltr'><strong>a</strong></span> <span class='ocrx_word' id='word_1_272' title='bbox 1994 2177 2068 2244; x_wconf 90' lang='lat' dir='ltr'><strong>Deo</strong></span> <span class='ocrx_word' id='word_1_273' title='bbox 2092 2192 2170 2245; x_wconf 89' lang='lat' dir='ltr'><strong>sunt</strong></span> <span class='ocrx_word' id='word_1_274' title='bbox 2191 2178 2291 2244; x_wconf 89' lang='lat' dir='ltr'><strong>adiuti</strong></span> <span class='ocrx_word' id='word_1_275' title='bbox 2314 2190 2349 2243; x_wconf 87' lang='lat' dir='ltr'><strong>et</strong></span> <span class='ocrx_word' id='word_1_276' title='bbox 2363 2114 2507 2244; x_wconf 77' lang='lat' dir='ltr'><strong>liberati</strong></span> 
     </span>
     <span class='ocr_line' id='line_1_20' title="bbox 484 2262 2506 2355; baseline -0.004 -18"><span class='ocrx_word' id='word_1_277' title='bbox 484 2292 542 2355; x_wconf 72' lang='lat' dir='ltr'><strong>yos</strong></span> <span class='ocrx_word' id='word_1_278' title='bbox 573 2293 685 2343; x_wconf 75' lang='lat' dir='ltr'><strong>ornnes,</strong></span> <span class='ocrx_word' id='word_1_279' title='bbox 720 2269 862 2333; x_wconf 68' lang='lat' dir='ltr'><strong>tlcltenm</strong></span> <span class='ocrx_word' id='word_1_280' title='bbox 883 2270 1083 2329; x_wconf 82' lang='lat' dir='ltr'><strong>reuerentiam</strong></span> <span class='ocrx_word' id='word_1_281' title='bbox 1105 2265 1294 2348; x_wconf 75' lang='lat' dir='ltr'><strong>Inpreralcri</strong></span> <span class='ocrx_word' id='word_1_282' title='bbox 1316 2274 1469 2350; x_wconf 81' lang='lat' dir='ltr'><strong>lurrrquanr</strong></span> <span class='ocrx_word' id='word_1_283' title='bbox 1493 2304 1496 2339; x_wconf 62' lang='grc' dir='ltr'><strong>ς</strong></span> <span class='ocrx_word' id='word_1_284' title='bbox 1518 2281 1555 2335; x_wconf 86' lang='lat' dir='ltr'><strong>ut</strong></span> <span class='ocrx_word' id='word_1_285' title='bbox 1578 2268 1632 2331; x_wconf 84' lang='lat' dir='ltr'><strong>isti</strong></span> <span class='ocrx_word' id='word_1_286' title='bbox 1655 2265 1780 2353; x_wconf 81' lang='lat' dir='ltr'><strong>leprosi</strong></span> <span class='ocrx_word' id='word_1_287' title='bbox 1803 2270 1972 2351; x_wconf 58' lang='lat' dir='ltr'><strong>disputant</strong></span> <span class='ocrx_word' id='word_1_288' title='bbox 1994 2277 2124 2349; x_wconf 82' lang='lat' dir='ltr'><strong>postea,</strong></span> <span class='ocrx_word' id='word_1_289' title='bbox 2148 2262 2235 2331; x_wconf 85' lang='lat' dir='ltr'><strong>sorta</strong></span> <span class='ocrx_word' id='word_1_290' title='bbox 2257 2262 2424 2330; x_wconf 72' lang='lat' dir='ltr'><strong>cassim</strong></span> <span class='ocrx_word' id='word_1_291' title='bbox 2445 2284 2506 2329; x_wconf 81' lang='lat' dir='ltr'><strong>ac·</strong></span> 
     </span>
     <span class='ocr_line' id='line_1_21' title="bbox 481 2349 2507 2440; baseline -0.003 -20"><span class='ocrx_word' id='word_1_292' title='bbox 481 2380 600 2435; x_wconf 59' lang='lat' dir='ltr'><strong>flammo</strong></span> <span class='ocrx_word' id='word_1_293' title='bbox 621 2359 698 2438; x_wconf 73' lang='lat' dir='ltr'><strong>rapi.</strong></span> <span class='ocrx_word' id='word_1_294' title='bbox 740 2353 871 2420; x_wconf 89' lang='lat' dir='ltr'><strong>llleest</strong></span> <span class='ocrx_word' id='word_1_295' title='bbox 893 2367 1006 2439; x_wconf 87' lang='lat' dir='ltr'><strong>caput,</strong></span> <span class='ocrx_word' id='word_1_296' title='bbox 1030 2364 1062 2417; x_wconf 90' lang='lat' dir='ltr'><strong>et</strong></span> <span class='ocrx_word' id='word_1_297' title='bbox 1085 2356 1152 2418; x_wconf 80' lang='lat' dir='ltr'><strong>tlnx</strong></span> <span class='ocrx_word' id='word_1_298' title='bbox 1175 2352 1313 2440; x_wconf 78' lang='lat' dir='ltr'><strong>llegum.</strong></span> <span class='ocrx_word' id='word_1_299' title='bbox 1348 2354 1469 2427; x_wconf 83' lang='lat' dir='ltr'><strong>Quern-</strong></span> <span class='ocrx_word' id='word_1_300' title='bbox 1520 2354 1614 2432; x_wconf 90' lang='lat' dir='ltr'><strong>cidit,</strong></span> <span class='ocrx_word' id='word_1_301' title='bbox 1652 2366 1707 2419; x_wconf 90' lang='lat' dir='ltr'><strong>aut</strong></span> <span class='ocrx_word' id='word_1_302' title='bbox 1732 2353 1853 2417; x_wconf 77' lang='lat' dir='ltr'><strong>accidit</strong></span> <span class='ocrx_word' id='word_1_303' title='bbox 1875 2353 2006 2417; x_wconf 82' lang='lat' dir='ltr'><strong>caussis</strong></span> <span class='ocrx_word' id='word_1_304' title='bbox 2028 2349 2248 2431; x_wconf 88' lang='lat' dir='ltr'><strong>naturalibus,</strong></span> <span class='ocrx_word' id='word_1_305' title='bbox 2274 2353 2333 2411; x_wconf 74' lang='lat' dir='ltr'><strong>wie</strong></span> <span class='ocrx_word' id='word_1_306' title='bbox 2353 2350 2417 2413; x_wconf 79' lang='lat' dir='ltr'><strong>dor</strong></span> <span class='ocrx_word' id='word_1_307' title='bbox 2437 2350 2507 2415; x_wconf 77' lang='lat' dir='ltr'><strong>ulte</strong></span> 
     </span>
     <span class='ocr_line' id='line_1_22' title="bbox 486 2436 2506 2531; baseline -0.005 -21"><span class='ocrx_word' id='word_1_308' title='bbox 486 2466 585 2531; x_wconf 82' lang='lat' dir='ltr'><strong>quent</strong></span> <span class='ocrx_word' id='word_1_309' title='bbox 617 2464 684 2507; x_wconf 89' lang='lat' dir='ltr'><strong>non</strong></span> <span class='ocrx_word' id='word_1_310' title='bbox 719 2439 780 2507; x_wconf 85' lang='lat' dir='ltr'><strong>suit</strong></span> <span class='ocrx_word' id='word_1_311' title='bbox 821 2462 942 2525; x_wconf 89' lang='lat' dir='ltr'><strong>magna</strong></span> <span class='ocrx_word' id='word_1_312' title='bbox 977 2440 1134 2504; x_wconf 70' lang='lat' dir='ltr'><strong>friderici</strong></span> <span class='ocrx_word' id='word_1_313' title='bbox 1166 2441 1324 2523; x_wconf 90' lang='lat' dir='ltr'><strong>potentia,</strong></span> <span class='ocrx_word' id='word_1_314' title='bbox 1360 2454 1469 2506; x_wconf 87' lang='lat' dir='ltr'><strong>tarnen</strong></span> <span class='ocrx_word' id='word_1_315' title='bbox 1493 2446 1497 2515; x_wconf 81' lang='lat' dir='ltr'><strong>i</strong></span> <span class='ocrx_word' id='word_1_316' title='bbox 1520 2439 1717 2523; x_wconf 80' lang='lat' dir='ltr'><strong>rprrtclraoort</strong></span> <span class='ocrx_word' id='word_1_317' title='bbox 1739 2439 1838 2500; x_wconf 77' lang='lat' dir='ltr'><strong>beist:</strong></span> <span class='ocrx_word' id='word_1_318' title='bbox 1860 2438 1916 2499; x_wconf 87' lang='lat' dir='ltr'><strong>Do</strong></span> <span class='ocrx_word' id='word_1_319' title='bbox 1938 2439 1995 2499; x_wconf 74' lang='lat' dir='ltr'><strong>aler</strong></span> <span class='ocrx_word' id='word_1_320' title='bbox 2016 2438 2119 2499; x_wconf 73' lang='lat' dir='ltr'><strong>siet-lae</strong></span> <span class='ocrx_word' id='word_1_321' title='bbox 2137 2459 2265 2519; x_wconf 73' lang='lat' dir='ltr'><strong>penore,</strong></span> <span class='ocrx_word' id='word_1_322' title='bbox 2287 2436 2379 2498; x_wconf 77' lang='lat' dir='ltr'><strong>card</strong></span> <span class='ocrx_word' id='word_1_323' title='bbox 2400 2458 2436 2500; x_wconf 87' lang='lat' dir='ltr'><strong>er</strong></span> <span class='ocrx_word' id='word_1_324' title='bbox 2455 2456 2506 2499; x_wconf 84' lang='lat' dir='ltr'><strong>er·</strong></span> 
     </span>
     <span class='ocr_line' id='line_1_23' title="bbox 485 2524 2505 2617; baseline -0.003 -22"><span class='ocrx_word' id='word_1_325' title='bbox 485 2542 625 2617; x_wconf 87' lang='lat' dir='ltr'><strong>propter</strong></span> <span class='ocrx_word' id='word_1_326' title='bbox 646 2548 767 2593; x_wconf 86' lang='lat' dir='ltr'><strong>nornen</strong></span> <span class='ocrx_word' id='word_1_327' title='bbox 789 2524 1014 2610; x_wconf 84' lang='lat' dir='ltr'><strong>imperatoris,</strong></span> <span class='ocrx_word' id='word_1_328' title='bbox 1033 2538 1211 2591; x_wconf 86' lang='lat' dir='ltr'><strong>veneratus</strong></span> <span class='ocrx_word' id='word_1_329' title='bbox 1234 2538 1285 2589; x_wconf 88' lang='lat' dir='ltr'><strong>est</strong></span> <span class='ocrx_word' id='word_1_330' title='bbox 1307 2545 1393 2591; x_wconf 89' lang='lat' dir='ltr'><strong>eum.</strong></span> <span class='ocrx_word' id='word_1_331' title='bbox 1516 2547 1583 2609; x_wconf 75' lang='lat' dir='ltr'><strong>per,</strong></span> <span class='ocrx_word' id='word_1_332' title='bbox 1607 2526 1689 2589; x_wconf 78' lang='lat' dir='ltr'><strong>derra</strong></span> <span class='ocrx_word' id='word_1_333' title='bbox 1711 2546 1746 2586; x_wconf 81' lang='lat' dir='ltr'><strong>er·</strong></span> <span class='ocrx_word' id='word_1_334' title='bbox 1767 2528 1798 2589; x_wconf 82' lang='lat' dir='ltr'><strong>ie</strong></span> <span class='ocrx_word' id='word_1_335' title='bbox 1818 2547 1897 2597; x_wconf 75' lang='lat' dir='ltr'><strong>wear,</strong></span> <span class='ocrx_word' id='word_1_336' title='bbox 1920 2525 1952 2589; x_wconf 91' lang='lat' dir='ltr'><strong>id</strong></span> <span class='ocrx_word' id='word_1_337' title='bbox 1975 2537 2045 2602; x_wconf 89' lang='lat' dir='ltr'><strong>est,</strong></span> <span class='ocrx_word' id='word_1_338' title='bbox 2079 2525 2211 2611; x_wconf 86' lang='lat' dir='ltr'><strong>qnando</strong></span> <span class='ocrx_word' id='word_1_339' title='bbox 2233 2534 2394 2609; x_wconf 85' lang='lat' dir='ltr'><strong>aegrotus</strong></span> <span class='ocrx_word' id='word_1_340' title='bbox 2422 2545 2505 2589; x_wconf 89' lang='lat' dir='ltr'><strong>cun·</strong></span> 
     </span>
     <span class='ocr_line' id='line_1_24' title="bbox 572 2606 2506 2695; baseline -0.002 -16"><span class='ocrx_word' id='word_1_341' title='bbox 572 2615 632 2679; x_wconf 87' lang='lat' dir='ltr'><strong>llle</strong></span> <span class='ocrx_word' id='word_1_342' title='bbox 655 2615 740 2677; x_wconf 84' lang='lat' dir='ltr'><strong>idern</strong></span> <span class='ocrx_word' id='word_1_343' title='bbox 764 2623 834 2689; x_wconf 91' lang='lat' dir='ltr'><strong>est,</strong></span> <span class='ocrx_word' id='word_1_344' title='bbox 881 2613 911 2676; x_wconf 90' lang='lat' dir='ltr'><strong>ui</strong></span> <span class='ocrx_word' id='word_1_345' title='bbox 942 2633 1016 2678; x_wconf 91' lang='lat' dir='ltr'><strong>cum</strong></span> <span class='ocrx_word' id='word_1_346' title='bbox 1045 2612 1214 2676; x_wconf 81' lang='lat' dir='ltr'><strong>obsideret</strong></span> <span class='ocrx_word' id='word_1_347' title='bbox 1243 2611 1411 2691; x_wconf 80' lang='lat' dir='ltr'><strong>Caietam,</strong></span> <span class='ocrx_word' id='word_1_348' title='bbox 1438 2625 1471 2678; x_wconf 90' lang='lat' dir='ltr'><strong>et</strong></span> <span class='ocrx_word' id='word_1_349' title='bbox 1494 2658 1497 2671; x_wconf 82' lang='grc'><strong>.</strong></span> <span class='ocrx_word' id='word_1_350' title='bbox 1519 2610 1660 2677; x_wconf 88' lang='lat' dir='ltr'><strong>valescit</strong></span> <span class='ocrx_word' id='word_1_351' title='bbox 1672 2633 1713 2676; x_wconf 86' lang='lat' dir='ltr'><strong>ex</strong></span> <span class='ocrx_word' id='word_1_352' title='bbox 1732 2607 1879 2695; x_wconf 88' lang='lat' dir='ltr'><strong>periculo</strong></span> <span class='ocrx_word' id='word_1_353' title='bbox 1897 2612 2031 2675; x_wconf 83' lang='lat' dir='ltr'><strong>sissimo</strong></span> <span class='ocrx_word' id='word_1_354' title='bbox 2048 2612 2179 2690; x_wconf 86' lang='lat' dir='ltr'><strong>morbo,</strong></span> <span class='ocrx_word' id='word_1_355' title='bbox 2201 2608 2409 2676; x_wconf 76' lang='lat' dir='ltr'><strong>obliviscitur</strong></span> <span class='ocrx_word' id='word_1_356' title='bbox 2426 2606 2506 2689; x_wconf 76' lang='lat' dir='ltr'><strong>bet,</strong></span> 
     </span>
     <span class='ocr_line' id='line_1_25' title="bbox 484 2634 2505 2846; baseline -0.002 -79"><span class='ocrx_word' id='word_1_357' title='bbox 484 2700 638 2769; x_wconf 89' lang='lat' dir='ltr'><strong>bmnines</strong></span> <span class='ocrx_word' id='word_1_358' title='bbox 660 2696 793 2764; x_wconf 87' lang='lat' dir='ltr'><strong>inutiles</strong></span> <span class='ocrx_word' id='word_1_359' title='bbox 816 2634 916 2776; x_wconf 91' lang='lat' dir='ltr'><strong>belle,</strong></span> <span class='ocrx_word' id='word_1_360' title='bbox 939 2693 1107 2774; x_wconf 80' lang='lat' dir='ltr'><strong>mulieres,</strong></span> <span class='ocrx_word' id='word_1_361' title='bbox 1130 2717 1243 2775; x_wconf 88' lang='lat' dir='ltr'><strong>senes,</strong></span> <span class='ocrx_word' id='word_1_362' title='bbox 1257 2698 1360 2846; x_wconf 54' lang='lat' dir='ltr'><strong>&#39;pueri</strong></span> <span class='ocrx_word' id='word_1_363' title='bbox 1378 2700 1470 2764; x_wconf 85' lang='lat' dir='ltr'><strong>emit·</strong></span> <span class='ocrx_word' id='word_1_364' title='bbox 1494 2712 1498 2777; x_wconf 76' lang='lat'>;</span> <span class='ocrx_word' id='word_1_365' title='bbox 1520 2712 1554 2765; x_wconf 91' lang='lat' dir='ltr'><strong>et</strong></span> <span class='ocrx_word' id='word_1_366' title='bbox 1575 2700 1734 2782; x_wconf 86' lang='lat' dir='ltr'><strong>disputat:</strong></span> <span class='ocrx_word' id='word_1_367' title='bbox 1756 2698 1927 2763; x_wconf 83' lang='lat' dir='ltr'><strong>Fortassis</strong></span> <span class='ocrx_word' id='word_1_368' title='bbox 1949 2717 2042 2776; x_wconf 87' lang='lat' dir='ltr'><strong>casu,</strong></span> <span class='ocrx_word' id='word_1_369' title='bbox 2063 2708 2121 2762; x_wconf 88' lang='lat' dir='ltr'><strong>aut</strong></span> <span class='ocrx_word' id='word_1_370' title='bbox 2143 2697 2275 2761; x_wconf 87' lang='lat' dir='ltr'><strong>caussis</strong></span> <span class='ocrx_word' id='word_1_371' title='bbox 2296 2694 2505 2763; x_wconf 75' lang='lat' dir='ltr'><strong>auctoralibus</strong></span> 
     </span>
     <span class='ocr_line' id='line_1_26' title="bbox 486 2782 2508 2873; baseline -0.003 -18"><span class='ocrx_word' id='word_1_372' title='bbox 486 2799 637 2855; x_wconf 86' lang='lat' dir='ltr'><strong>terentnr</strong></span> <span class='ocrx_word' id='word_1_373' title='bbox 660 2798 754 2850; x_wconf 69' lang='lat' dir='ltr'><strong>extra</strong></span> <span class='ocrx_word' id='word_1_374' title='bbox 776 2784 908 2850; x_wconf 85' lang='lat' dir='ltr'><strong>urbem:</strong></span> <span class='ocrx_word' id='word_1_375' title='bbox 933 2784 1009 2870; x_wconf 65' lang='lat' dir='ltr'><strong>araia</strong></span> <span class='ocrx_word' id='word_1_376' title='bbox 1032 2782 1193 2848; x_wconf 87' lang='lat' dir='ltr'><strong>volebant</strong></span> <span class='ocrx_word' id='word_1_377' title='bbox 1214 2785 1255 2847; x_wconf 88' lang='lat' dir='ltr'><strong>de</strong></span> <span class='ocrx_word' id='word_1_378' title='bbox 1271 2784 1394 2849; x_wconf 88' lang='lat' dir='ltr'><strong>endere</strong></span> <span class='ocrx_word' id='word_1_379' title='bbox 1416 2807 1469 2850; x_wconf 88' lang='lat' dir='ltr'><strong>ue·</strong></span> <span class='ocrx_word' id='word_1_380' title='bbox 1494 2786 1498 2873; x_wconf 75' lang='lat' dir='ltr'><strong>i</strong></span> <span class='ocrx_word' id='word_1_381' title='bbox 1520 2806 1559 2851; x_wconf 89' lang='lat' dir='ltr'><strong>cs</strong></span> <span class='ocrx_word' id='word_1_382' title='bbox 1583 2784 1761 2851; x_wconf 86' lang='lat' dir='ltr'><strong>liberatus:</strong></span> <span class='ocrx_word' id='word_1_383' title='bbox 1783 2782 1832 2848; x_wconf 85' lang='lat' dir='ltr'><strong>Tu</strong></span> <span class='ocrx_word' id='word_1_384' title='bbox 1861 2783 1973 2848; x_wconf 87' lang='lat' dir='ltr'><strong>adbuc</strong></span> <span class='ocrx_word' id='word_1_385' title='bbox 2005 2801 2043 2849; x_wconf 86' lang='lat' dir='ltr'><strong>es</strong></span> <span class='ocrx_word' id='word_1_386' title='bbox 2076 2783 2216 2865; x_wconf 86' lang='lat' dir='ltr'><strong>invenis,</strong></span> <span class='ocrx_word' id='word_1_387' title='bbox 2245 2794 2364 2849; x_wconf 83' lang='lat' dir='ltr'><strong>natura</strong></span> <span class='ocrx_word' id='word_1_388' title='bbox 2390 2794 2508 2869; x_wconf 87' lang='lat' dir='ltr'><strong>potest</strong></span> 
     </span>
     <span class='ocr_line' id='line_1_27' title="bbox 485 2868 2506 2958; baseline -0.002 -18"><span class='ocrx_word' id='word_1_389' title='bbox 485 2876 578 2953; x_wconf 89' lang='lat' dir='ltr'><strong>bem,</strong></span> <span class='ocrx_word' id='word_1_390' title='bbox 608 2884 642 2937; x_wconf 90' lang='lat' dir='ltr'><strong>et</strong></span> <span class='ocrx_word' id='word_1_391' title='bbox 663 2872 732 2958; x_wconf 86' lang='lat' dir='ltr'><strong>pati</strong></span> <span class='ocrx_word' id='word_1_392' title='bbox 767 2884 933 2946; x_wconf 79' lang='lat' dir='ltr'><strong>estrenra3</strong></span> <span class='ocrx_word' id='word_1_393' title='bbox 968 2889 1043 2935; x_wconf 83' lang='lat' dir='ltr'><strong>eunt</strong></span> <span class='ocrx_word' id='word_1_394' title='bbox 1077 2869 1177 2955; x_wconf 89' lang='lat' dir='ltr'><strong>igitur</strong></span> <span class='ocrx_word' id='word_1_395' title='bbox 1211 2871 1316 2934; x_wconf 87' lang='lat' dir='ltr'><strong>exiret</strong></span> <span class='ocrx_word' id='word_1_396' title='bbox 1348 2892 1471 2955; x_wconf 78' lang='lat' dir='ltr'><strong>magna</strong></span> <span class='ocrx_word' id='word_1_397' title='bbox 1520 2869 1623 2937; x_wconf 88' lang='lat' dir='ltr'><strong>multa</strong></span> <span class='ocrx_word' id='word_1_398' title='bbox 1647 2872 1797 2936; x_wconf 70' lang='lat' dir='ltr'><strong>vinceres</strong></span> <span class='ocrx_word' id='word_1_399' title='bbox 1830 2869 1905 2934; x_wconf 87' lang='lat' dir='ltr'><strong>Non</strong></span> <span class='ocrx_word' id='word_1_400' title='bbox 1939 2870 2005 2935; x_wconf 90' lang='lat' dir='ltr'><strong>hoe</strong></span> <span class='ocrx_word' id='word_1_401' title='bbox 2027 2881 2088 2941; x_wconf 87' lang='lat' dir='ltr'><strong>est,</strong></span> <span class='ocrx_word' id='word_1_402' title='bbox 2121 2868 2321 2956; x_wconf 83' lang='lat' dir='ltr'><strong>quodDeus</strong></span> <span class='ocrx_word' id='word_1_403' title='bbox 2354 2868 2506 2935; x_wconf 76' lang='lat' dir='ltr'><strong>voluerit</strong></span> 
     </span>
     <span class='ocr_line' id='line_1_28' title="bbox 485 2954 2503 3045; baseline -0.005 -17"><span class='ocrx_word' id='word_1_404' title='bbox 485 2959 673 3038; x_wconf 85' lang='lat' dir='ltr'><strong>multitudo,</strong></span> <span class='ocrx_word' id='word_1_405' title='bbox 696 2959 829 3045; x_wconf 78' lang='lat' dir='ltr'><strong>quidam</strong></span> <span class='ocrx_word' id='word_1_406' title='bbox 852 2957 986 3023; x_wconf 80' lang='lat' dir='ltr'><strong>lucrarnt</strong></span> <span class='ocrx_word' id='word_1_407' title='bbox 1007 2956 1214 3035; x_wconf 77' lang='lat' dir='ltr'><strong>laertatoreS,</strong></span> <span class='ocrx_word' id='word_1_408' title='bbox 1244 2968 1279 3021; x_wconf 89' lang='lat' dir='ltr'><strong>nt</strong></span> <span class='ocrx_word' id='word_1_409' title='bbox 1307 2957 1470 3023; x_wconf 88' lang='lat' dir='ltr'><strong>interlice-</strong></span> <span class='ocrx_word' id='word_1_410' title='bbox 1520 2978 1707 3044; x_wconf 87' lang='lat' dir='ltr'><strong>prorogare</strong></span> <span class='ocrx_word' id='word_1_411' title='bbox 1728 2959 1843 3022; x_wconf 84' lang='lat' dir='ltr'><strong>vitam:</strong></span> <span class='ocrx_word' id='word_1_412' title='bbox 1877 2956 1923 3017; x_wconf 85' lang='lat' dir='ltr'><strong>So</strong></span> <span class='ocrx_word' id='word_1_413' title='bbox 1956 2956 2030 3017; x_wconf 80' lang='lat' dir='ltr'><strong>aiod</strong></span> <span class='ocrx_word' id='word_1_414' title='bbox 2051 2959 2108 3016; x_wconf 78' lang='lat' dir='ltr'><strong>wir</strong></span> <span class='ocrx_word' id='word_1_415' title='bbox 2129 2956 2202 3021; x_wconf 83' lang='lat' dir='ltr'><strong>olle.</strong></span> <span class='ocrx_word' id='word_1_416' title='bbox 2244 2954 2294 3021; x_wconf 84' lang='lat' dir='ltr'><strong>lte</strong></span> <span class='ocrx_word' id='word_1_417' title='bbox 2323 2965 2376 3020; x_wconf 85' lang='lat' dir='ltr'><strong>est</strong></span> <span class='ocrx_word' id='word_1_418' title='bbox 2406 2972 2503 3018; x_wconf 89' lang='lat' dir='ltr'><strong>men·</strong></span> 
     </span>
     <span class='ocr_line' id='line_1_29' title="bbox 485 3038 2503 3130; baseline -0.004 -17"><span class='ocrx_word' id='word_1_419' title='bbox 485 3058 538 3113; x_wconf 87' lang='lat' dir='ltr'><strong>ret</strong></span> <span class='ocrx_word' id='word_1_420' title='bbox 560 3043 692 3130; x_wconf 86' lang='lat' dir='ltr'><strong>aliquos</strong></span> <span class='ocrx_word' id='word_1_421' title='bbox 715 3065 756 3109; x_wconf 87' lang='lat' dir='ltr'><strong>ex</strong></span> <span class='ocrx_word' id='word_1_422' title='bbox 779 3043 863 3115; x_wconf 83' lang='lat' dir='ltr'><strong>istis,</strong></span> <span class='ocrx_word' id='word_1_423' title='bbox 885 3055 922 3108; x_wconf 90' lang='lat' dir='ltr'><strong>ut</strong></span> <span class='ocrx_word' id='word_1_424' title='bbox 943 3054 1091 3107; x_wconf 89' lang='lat' dir='ltr'><strong>moveret</strong></span> <span class='ocrx_word' id='word_1_425' title='bbox 1122 3062 1182 3107; x_wconf 86' lang='lat' dir='ltr'><strong>eos</strong></span> <span class='ocrx_word' id='word_1_426' title='bbox 1212 3043 1255 3106; x_wconf 92' lang='lat' dir='ltr'><strong>ad</strong></span> <span class='ocrx_word' id='word_1_427' title='bbox 1285 3038 1470 3108; x_wconf 84' lang='lat' dir='ltr'><strong>lacierrdam</strong></span> <span class='ocrx_word' id='word_1_428' title='bbox 1521 3044 1653 3109; x_wconf 86' lang='lat' dir='ltr'><strong>daclrnn</strong></span> <span class='ocrx_word' id='word_1_429' title='bbox 1672 3044 1704 3107; x_wconf 94' lang='lat' dir='ltr'><strong>in</strong></span> <span class='ocrx_word' id='word_1_430' title='bbox 1724 3043 1755 3109; x_wconf 94' lang='lat' dir='ltr'><strong>in</strong></span> <span class='ocrx_word' id='word_1_431' title='bbox 1782 3043 1970 3122; x_wconf 84' lang='lat' dir='ltr'><strong>retitudine,</strong></span> <span class='ocrx_word' id='word_1_432' title='bbox 1987 3063 2055 3109; x_wconf 88' lang='lat' dir='ltr'><strong>non</strong></span> <span class='ocrx_word' id='word_1_433' title='bbox 2071 3062 2257 3130; x_wconf 85' lang='lat' dir='ltr'><strong>agnoscere</strong></span> <span class='ocrx_word' id='word_1_434' title='bbox 2272 3038 2405 3107; x_wconf 81' lang='lat' dir='ltr'><strong>aliunde</strong></span> <span class='ocrx_word' id='word_1_435' title='bbox 2420 3056 2503 3127; x_wconf 85' lang='lat' dir='ltr'><strong>pro-</strong></span> 
     </span>
     <span class='ocr_line' id='line_1_30' title="bbox 486 3067 1972 3215; baseline -0.005 -16"><span class='ocrx_word' id='word_1_436' title='bbox 486 3130 700 3199; x_wconf 87' lang='lat' dir='ltr'><strong>dedirionem.</strong></span> <span class='ocrx_word' id='word_1_437' title='bbox 736 3128 780 3194; x_wconf 84' lang='lat' dir='ltr'><strong>Et</strong></span> <span class='ocrx_word' id='word_1_438' title='bbox 801 3130 945 3215; x_wconf 88' lang='lat' dir='ltr'><strong>scriptor</strong></span> <span class='ocrx_word' id='word_1_439' title='bbox 966 3125 1125 3193; x_wconf 73' lang='lat' dir='ltr'><strong>historiae</strong></span> <span class='ocrx_word' id='word_1_440' title='bbox 1148 3126 1235 3193; x_wconf 90' lang='lat' dir='ltr'><strong>illins</strong></span> <span class='ocrx_word' id='word_1_441' title='bbox 1253 3129 1295 3195; x_wconf 86' lang='lat' dir='ltr'><strong>de</strong></span> <span class='ocrx_word' id='word_1_442' title='bbox 1313 3150 1352 3194; x_wconf 91' lang='lat' dir='ltr'><strong>se</strong></span> <span class='ocrx_word' id='word_1_443' title='bbox 1374 3131 1468 3196; x_wconf 76' lang='lat' dir='ltr'><strong>elicit:</strong></span> <span class='ocrx_word' id='word_1_444' title='bbox 1521 3130 1644 3197; x_wconf 85' lang='lat' dir='ltr'><strong>lectum</strong></span> <span class='ocrx_word' id='word_1_445' title='bbox 1662 3149 1742 3196; x_wconf 83' lang='lat' dir='ltr'><strong>esse</strong></span> <span class='ocrx_word' id='word_1_446' title='bbox 1759 3067 1972 3195; x_wconf 76' lang='lat' dir='ltr'><strong>lienelicium.</strong></span> 
     </span>
     <span class='ocr_line' id='line_1_31' title="bbox 485 3210 2506 3304; baseline -0.004 -19"><span class='ocrx_word' id='word_1_447' title='bbox 485 3214 581 3285; x_wconf 88' lang='lat' dir='ltr'><strong>Deus</strong></span> <span class='ocrx_word' id='word_1_448' title='bbox 604 3218 682 3282; x_wconf 82' lang='lat' dir='ltr'><strong>nribi</strong></span> <span class='ocrx_word' id='word_1_449' title='bbox 705 3228 841 3301; x_wconf 66' lang='lat' dir='ltr'><strong>parcam</strong></span> <span class='ocrx_word' id='word_1_450' title='bbox 872 3234 938 3302; x_wconf 87' lang='lat' dir='ltr'><strong>ego</strong></span> <span class='ocrx_word' id='word_1_451' title='bbox 961 3235 1094 3302; x_wconf 84' lang='lat' dir='ltr'><strong>quoque</strong></span> <span class='ocrx_word' id='word_1_452' title='bbox 1116 3214 1203 3280; x_wconf 88' lang='lat' dir='ltr'><strong>idem</strong></span> <span class='ocrx_word' id='word_1_453' title='bbox 1232 3212 1402 3297; x_wconf 89' lang='lat' dir='ltr'><strong>consului,</strong></span> <span class='ocrx_word' id='word_1_454' title='bbox 1434 3228 1470 3283; x_wconf 90' lang='lat' dir='ltr'><strong>ut</strong></span> <span class='ocrx_word' id='word_1_455' title='bbox 1608 3215 1734 3282; x_wconf 85' lang='lat' dir='ltr'><strong>Postea</strong></span> <span class='ocrx_word' id='word_1_456' title='bbox 1767 3216 1935 3304; x_wconf 83' lang='lat' dir='ltr'><strong>gratitudo</strong></span> <span class='ocrx_word' id='word_1_457' title='bbox 1969 3226 2021 3280; x_wconf 87' lang='lat' dir='ltr'><strong>est</strong></span> <span class='ocrx_word' id='word_1_458' title='bbox 2042 3214 2164 3280; x_wconf 89' lang='lat' dir='ltr'><strong>institia</strong></span> <span class='ocrx_word' id='word_1_459' title='bbox 2186 3211 2340 3303; x_wconf 86' lang='lat' dir='ltr'><strong>obligans</strong></span> <span class='ocrx_word' id='word_1_460' title='bbox 2366 3230 2434 3277; x_wconf 82' lang='lat' dir='ltr'><strong>nos</strong></span> <span class='ocrx_word' id='word_1_461' title='bbox 2455 3210 2506 3279; x_wconf 87' lang='lat' dir='ltr'><strong>vl·</strong></span> 
     </span>
     <span class='ocr_line' id='line_1_32' title="bbox 484 3294 2506 3388; baseline -0.003 -18"><span class='ocrx_word' id='word_1_462' title='bbox 484 3302 759 3370; x_wconf 82' lang='lat' dir='ltr'><strong>interficerentur.</strong></span> <span class='ocrx_word' id='word_1_463' title='bbox 811 3303 909 3367; x_wconf 90' lang='lat' dir='ltr'><strong>Stetit</strong></span> <span class='ocrx_word' id='word_1_464' title='bbox 944 3298 1013 3366; x_wconf 89' lang='lat' dir='ltr'><strong>llex</strong></span> <span class='ocrx_word' id='word_1_465' title='bbox 1047 3298 1249 3387; x_wconf 86' lang='lat' dir='ltr'><strong>aliquamdiu</strong></span> <span class='ocrx_word' id='word_1_466' title='bbox 1273 3303 1469 3388; x_wconf 89' lang='lat' dir='ltr'><strong>cogitabun·</strong></span> <span class='ocrx_word' id='word_1_467' title='bbox 1522 3304 1636 3369; x_wconf 88' lang='lat' dir='ltr'><strong>cissim</strong></span> <span class='ocrx_word' id='word_1_468' title='bbox 1670 3302 1713 3368; x_wconf 86' lang='lat' dir='ltr'><strong>atl</strong></span> <span class='ocrx_word' id='word_1_469' title='bbox 1747 3300 2012 3369; x_wconf 80' lang='lat' dir='ltr'><strong>benevolentiam</strong></span> <span class='ocrx_word' id='word_1_470' title='bbox 2042 3314 2075 3367; x_wconf 89' lang='lat' dir='ltr'><strong>et</strong></span> <span class='ocrx_word' id='word_1_471' title='bbox 2107 3300 2229 3367; x_wconf 85' lang='lat' dir='ltr'><strong>officia.</strong></span> <span class='ocrx_word' id='word_1_472' title='bbox 2295 3298 2377 3366; x_wconf 85' lang='lat' dir='ltr'><strong>Vult</strong></span> <span class='ocrx_word' id='word_1_473' title='bbox 2408 3294 2506 3365; x_wconf 73' lang='lat' dir='ltr'><strong>Deus</strong></span> 
     </span>
     <span class='ocr_line' id='line_1_33' title="bbox 486 3383 2505 3497; baseline -0.002 -41"><span class='ocrx_word' id='word_1_474' title='bbox 486 3388 563 3470; x_wconf 89' lang='lat' dir='ltr'><strong>dus,</strong></span> <span class='ocrx_word' id='word_1_475' title='bbox 585 3403 618 3455; x_wconf 91' lang='lat' dir='ltr'><strong>et</strong></span> <span class='ocrx_word' id='word_1_476' title='bbox 640 3398 910 3474; x_wconf 87' lang='lat' dir='ltr'><strong>severoaspeetn</strong></span> <span class='ocrx_word' id='word_1_477' title='bbox 930 3387 1098 3452; x_wconf 90' lang='lat' dir='ltr'><strong>contuitus</strong></span> <span class='ocrx_word' id='word_1_478' title='bbox 1123 3386 1346 3468; x_wconf 78' lang='lat' dir='ltr'><strong>consiliarios,</strong></span> <span class='ocrx_word' id='word_1_479' title='bbox 1370 3390 1467 3453; x_wconf 72' lang='lat' dir='ltr'><strong>(linita</strong></span> <span class='ocrx_word' id='word_1_480' title='bbox 1494 3422 1498 3497; x_wconf 51' lang='grc'>1</span> <span class='ocrx_word' id='word_1_481' title='bbox 1522 3412 1599 3456; x_wconf 83' lang='lat' dir='ltr'><strong>esse</strong></span> <span class='ocrx_word' id='word_1_482' title='bbox 1621 3387 1806 3456; x_wconf 87' lang='lat' dir='ltr'><strong>ollioicrum</strong></span> <span class='ocrx_word' id='word_1_483' title='bbox 1828 3390 2143 3474; x_wconf 85' lang='lat' dir='ltr'><strong>compensationem,</strong></span> <span class='ocrx_word' id='word_1_484' title='bbox 2165 3407 2233 3453; x_wconf 90' lang='lat' dir='ltr'><strong>non</strong></span> <span class='ocrx_word' id='word_1_485' title='bbox 2250 3383 2372 3468; x_wconf 89' lang='lat' dir='ltr'><strong>solum,</strong></span> <span class='ocrx_word' id='word_1_486' title='bbox 2391 3397 2428 3451; x_wconf 88' lang='lat' dir='ltr'><strong>ut</strong></span> <span class='ocrx_word' id='word_1_487' title='bbox 2445 3384 2505 3453; x_wconf 81' lang='lat' dir='ltr'><strong>lno-</strong></span> 
     </span>
     <span class='ocr_line' id='line_1_34' title="bbox 485 3471 2507 3561; baseline -0.001 -21"><span class='ocrx_word' id='word_1_488' title='bbox 485 3474 556 3541; x_wconf 90' lang='lat' dir='ltr'><strong>lmo</strong></span> <span class='ocrx_word' id='word_1_489' title='bbox 589 3486 694 3540; x_wconf 90' lang='lat' dir='ltr'><strong>totum</strong></span> <span class='ocrx_word' id='word_1_490' title='bbox 735 3496 875 3561; x_wconf 88' lang='lat' dir='ltr'><strong>regnum</strong></span> <span class='ocrx_word' id='word_1_491' title='bbox 907 3471 1160 3559; x_wconf 88' lang='lat' dir='ltr'><strong>Neapolitanum</strong></span> <span class='ocrx_word' id='word_1_492' title='bbox 1194 3494 1261 3538; x_wconf 89' lang='lat' dir='ltr'><strong>non</strong></span> <span class='ocrx_word' id='word_1_493' title='bbox 1300 3485 1351 3539; x_wconf 89' lang='lat' dir='ltr'><strong>est</strong></span> <span class='ocrx_word' id='word_1_494' title='bbox 1390 3473 1470 3540; x_wconf 84' lang='lat' dir='ltr'><strong>milri</strong></span> <span class='ocrx_word' id='word_1_495' title='bbox 1494 3480 1627 3549; x_wconf 70' lang='lat' dir='ltr'><strong>traines</strong></span> <span class='ocrx_word' id='word_1_496' title='bbox 1671 3479 1756 3541; x_wconf 89' lang='lat' dir='ltr'><strong>inter</strong></span> <span class='ocrx_word' id='word_1_497' title='bbox 1799 3496 1838 3540; x_wconf 92' lang='lat' dir='ltr'><strong>se</strong></span> <span class='ocrx_word' id='word_1_498' title='bbox 1885 3488 2062 3539; x_wconf 87' lang='lat' dir='ltr'><strong>serventur</strong></span> <span class='ocrx_word' id='word_1_499' title='bbox 2105 3474 2379 3560; x_wconf 85' lang='lat' dir='ltr'><strong>compensatione</strong></span> <span class='ocrx_word' id='word_1_500' title='bbox 2412 3472 2507 3559; x_wconf 78' lang='lat' dir='ltr'><strong>(quia</strong></span> 
     </span>
     <span class='ocr_line' id='line_1_35' title="bbox 485 3557 2508 3642; baseline -0.003 -15"><span class='ocrx_word' id='word_1_501' title='bbox 485 3562 581 3642; x_wconf 82' lang='lat' dir='ltr'><strong>tanti,</strong></span> <span class='ocrx_word' id='word_1_502' title='bbox 613 3573 649 3627; x_wconf 92' lang='lat' dir='ltr'><strong>ut</strong></span> <span class='ocrx_word' id='word_1_503' title='bbox 684 3558 804 3627; x_wconf 84' lang='lat' dir='ltr'><strong>vellera</strong></span> <span class='ocrx_word' id='word_1_504' title='bbox 844 3579 1003 3625; x_wconf 89' lang='lat' dir='ltr'><strong>exercere</strong></span> <span class='ocrx_word' id='word_1_505' title='bbox 1042 3557 1270 3625; x_wconf 88' lang='lat' dir='ltr'><strong>crudelitatem</strong></span> <span class='ocrx_word' id='word_1_506' title='bbox 1303 3563 1468 3627; x_wconf 83' lang='lat' dir='ltr'><strong>adversus</strong></span> <span class='ocrx_word' id='word_1_507' title='bbox 1494 3558 1497 3573; x_wconf 76' lang='lat'><strong>¹</strong></span> <span class='ocrx_word' id='word_1_508' title='bbox 1522 3564 1634 3629; x_wconf 83' lang='lat' dir='ltr'><strong>omnia</strong></span> <span class='ocrx_word' id='word_1_509' title='bbox 1656 3574 1835 3628; x_wconf 87' lang='lat' dir='ltr'><strong>servantur</strong></span> <span class='ocrx_word' id='word_1_510' title='bbox 1855 3562 2294 3633; x_wconf 78' lang='lat' dir='ltr'><strong>mutuaconnnunieatione3</strong></span> <span class='ocrx_word' id='word_1_511' title='bbox 2317 3558 2371 3635; x_wconf 80' lang='grc' dir='ltr'><strong>δός</strong></span> <span class='ocrx_word' id='word_1_512' title='bbox 2390 3582 2429 3631; x_wconf 79' lang='lat' dir='ltr'><strong>u,</strong></span> <span class='ocrx_word' id='word_1_513' title='bbox 2451 3560 2508 3622; x_wconf 72' lang='lat' dir='ltr'><strong>tul</strong></span> 
     </span>
     <span class='ocr_line' id='line_1_36' title="bbox 486 3644 2504 3733; baseline -0.004 -19"><span class='ocrx_word' id='word_1_514' title='bbox 486 3649 641 3714; x_wconf 86' lang='lat' dir='ltr'><strong>miseram</strong></span> <span class='ocrx_word' id='word_1_515' title='bbox 664 3650 806 3713; x_wconf 85' lang='lat' dir='ltr'><strong>turbam.</strong></span> <span class='ocrx_word' id='word_1_516' title='bbox 851 3648 903 3711; x_wconf 77' lang='lat' dir='ltr'><strong>Ac</strong></span> <span class='ocrx_word' id='word_1_517' title='bbox 933 3647 1044 3710; x_wconf 88' lang='lat' dir='ltr'><strong>statim</strong></span> <span class='ocrx_word' id='word_1_518' title='bbox 1078 3646 1169 3711; x_wconf 88' lang='lat' dir='ltr'><strong>dedit</strong></span> <span class='ocrx_word' id='word_1_519' title='bbox 1200 3648 1401 3725; x_wconf 88' lang='lat' dir='ltr'><strong>mandatnm,</strong></span> <span class='ocrx_word' id='word_1_520' title='bbox 1434 3659 1471 3714; x_wconf 90' lang='lat' dir='ltr'><strong>ut</strong></span> <span class='ocrx_word' id='word_1_521' title='bbox 1521 3650 1595 3733; x_wconf 78' lang='grc' dir='ltr'><strong>λάβε</strong></span> <span class='ocrx_word' id='word_1_522' title='bbox 1619 3673 1657 3715; x_wconf 80' lang='grc' dir='ltr'><strong>τι.</strong></span> <span class='ocrx_word' id='word_1_523' title='bbox 1679 3646 1776 3713; x_wconf 85' lang='lat' dir='ltr'><strong>ltem:</strong></span> <span class='ocrx_word' id='word_1_524' title='bbox 1797 3654 1866 3733; x_wconf 72' lang='grc' dir='ltr'><strong>χεὶρ</strong></span> <span class='ocrx_word' id='word_1_525' title='bbox 1886 3655 1974 3733; x_wconf 81' lang='grc' dir='ltr'><strong><em>χεῖρα</em></strong></span> <span class='ocrx_word' id='word_1_526' title='bbox 1996 3657 2103 3728; x_wconf 75' lang='lat' dir='ltr'><strong>atara,</strong></span> <span class='ocrx_word' id='word_1_527' title='bbox 2126 3647 2270 3723; x_wconf 74' lang='grc' dir='ltr'><strong>δάκτυλος</strong></span> <span class='ocrx_word' id='word_1_528' title='bbox 2281 3644 2315 3711; x_wconf 81' lang='grc' dir='ltr'><strong>δὲ</strong></span> <span class='ocrx_word' id='word_1_529' title='bbox 2332 3644 2504 3723; x_wconf 75' lang='grc' dir='ltr'><strong>δάκτυλον.)</strong></span> 
     </span>
     <span class='ocr_line' id='line_1_37' title="bbox 487 3730 2507 3820; baseline -0.001 -21"><span class='ocrx_word' id='word_1_530' title='bbox 487 3736 600 3800; x_wconf 87' lang='lat' dir='ltr'><strong>miseri</strong></span> <span class='ocrx_word' id='word_1_531' title='bbox 632 3732 784 3797; x_wconf 83' lang='lat' dir='ltr'><strong>bearinea</strong></span> <span class='ocrx_word' id='word_1_532' title='bbox 818 3733 1095 3797; x_wconf 87' lang='lat' dir='ltr'><strong>distribuerentur</strong></span> <span class='ocrx_word' id='word_1_533' title='bbox 1124 3734 1157 3796; x_wconf 94' lang='lat' dir='ltr'><strong>in</strong></span> <span class='ocrx_word' id='word_1_534' title='bbox 1191 3753 1211 3797; x_wconf 90' lang='lat' dir='ltr'><strong>o</strong></span> <span class='ocrx_word' id='word_1_535' title='bbox 1238 3736 1314 3817; x_wconf 83' lang='lat' dir='ltr'><strong>pide</strong></span> <span class='ocrx_word' id='word_1_536' title='bbox 1347 3735 1489 3814; x_wconf 69' lang='lat' dir='ltr'><strong>vicina,</strong></span> <span class='ocrx_word' id='word_1_537' title='bbox 1521 3735 1590 3801; x_wconf 87' lang='lat' dir='ltr'><strong>Sed</strong></span> <span class='ocrx_word' id='word_1_538' title='bbox 1611 3730 1677 3797; x_wconf 84' lang='lat' dir='ltr'><strong>lroc</strong></span> <span class='ocrx_word' id='word_1_539' title='bbox 1699 3733 1793 3799; x_wconf 89' lang='lat' dir='ltr'><strong>Deus</strong></span> <span class='ocrx_word' id='word_1_540' title='bbox 1815 3736 1966 3812; x_wconf 85' lang='lat' dir='ltr'><strong>instituit,</strong></span> <span class='ocrx_word' id='word_1_541' title='bbox 1998 3744 2034 3798; x_wconf 90' lang='lat' dir='ltr'><strong>ut</strong></span> <span class='ocrx_word' id='word_1_542' title='bbox 2066 3735 2212 3799; x_wconf 89' lang='lat' dir='ltr'><strong>sciamus</strong></span> <span class='ocrx_word' id='word_1_543' title='bbox 2233 3735 2341 3820; x_wconf 87' lang='lat' dir='ltr'><strong>ipsum</strong></span> <span class='ocrx_word' id='word_1_544' title='bbox 2370 3748 2507 3819; x_wconf 81' lang='lat' dir='ltr'><strong>quoque</strong></span> 
     </span>
     <span class='ocr_line' id='line_1_38' title="bbox 488 3756 2506 3904; baseline 0 -21"><span class='ocrx_word' id='word_1_545' title='bbox 488 3833 520 3884; x_wconf 82' lang='lat' dir='ltr'><strong>et</strong></span> <span class='ocrx_word' id='word_1_546' title='bbox 542 3822 653 3885; x_wconf 88' lang='lat' dir='ltr'><strong>victus</strong></span> <span class='ocrx_word' id='word_1_547' title='bbox 676 3834 709 3882; x_wconf 89' lang='lat' dir='ltr'><strong>et</strong></span> <span class='ocrx_word' id='word_1_548' title='bbox 743 3819 886 3903; x_wconf 82' lang='lat' dir='ltr'><strong>lrospitin</strong></span> <span class='ocrx_word' id='word_1_549' title='bbox 919 3820 966 3881; x_wconf 88' lang='lat' dir='ltr'><strong>eis</strong></span> <span class='ocrx_word' id='word_1_550' title='bbox 996 3818 1162 3882; x_wconf 85' lang='lat' dir='ltr'><strong>darentur.</strong></span> <span class='ocrx_word' id='word_1_551' title='bbox 1215 3756 1288 3883; x_wconf 89' lang='lat' dir='ltr'><strong>lloc</strong></span> <span class='ocrx_word' id='word_1_552' title='bbox 1317 3841 1389 3884; x_wconf 88' lang='lat' dir='ltr'><strong>eum</strong></span> <span class='ocrx_word' id='word_1_553' title='bbox 1418 3841 1470 3885; x_wconf 90' lang='lat' dir='ltr'><strong>re·</strong></span> <span class='ocrx_word' id='word_1_554' title='bbox 1519 3819 1610 3886; x_wconf 80' lang='lat' dir='ltr'><strong>illam</strong></span> <span class='ocrx_word' id='word_1_555' title='bbox 1633 3831 1779 3885; x_wconf 86' lang='lat' dir='ltr'><strong>rnntunm</strong></span> <span class='ocrx_word' id='word_1_556' title='bbox 1804 3822 2132 3886; x_wconf 86' lang='lat' dir='ltr'><strong>connnunicationem</strong></span> <span class='ocrx_word' id='word_1_557' title='bbox 2162 3834 2345 3904; x_wconf 85' lang='lat' dir='ltr'><strong>praestare.</strong></span> <span class='ocrx_word' id='word_1_558' title='bbox 2390 3816 2506 3891; x_wconf 84' lang='lat' dir='ltr'><strong>Quan-</strong></span> 
     </span>
     <span class='ocr_line' id='line_1_39' title="bbox 488 3902 2507 3992; baseline 0 -22"><span class='ocrx_word' id='word_1_559' title='bbox 488 3908 668 3972; x_wconf 85' lang='lat' dir='ltr'><strong>scivissent</strong></span> <span class='ocrx_word' id='word_1_560' title='bbox 691 3902 737 3968; x_wconf 93' lang='lat' dir='ltr'><strong>illi</strong></span> <span class='ocrx_word' id='word_1_561' title='bbox 761 3906 791 3969; x_wconf 94' lang='lat' dir='ltr'><strong>in</strong></span> <span class='ocrx_word' id='word_1_562' title='bbox 811 3907 905 3981; x_wconf 87' lang='lat' dir='ltr'><strong>urbe,</strong></span> <span class='ocrx_word' id='word_1_563' title='bbox 924 3902 1076 3969; x_wconf 83' lang='lat' dir='ltr'><strong>lecerunt</strong></span> <span class='ocrx_word' id='word_1_564' title='bbox 1098 3904 1308 3971; x_wconf 87' lang='lat' dir='ltr'><strong>deditionem.</strong></span> <span class='ocrx_word' id='word_1_565' title='bbox 1327 3904 1375 3970; x_wconf 90' lang='lat' dir='ltr'><strong>lta</strong></span> <span class='ocrx_word' id='word_1_566' title='bbox 1392 3904 1469 3992; x_wconf 86' lang='lat' dir='ltr'><strong>plus</strong></span> <span class='ocrx_word' id='word_1_567' title='bbox 1521 3909 1565 3973; x_wconf 90' lang='lat' dir='ltr'><strong>do</strong></span> <span class='ocrx_word' id='word_1_568' title='bbox 1588 3919 1622 3971; x_wconf 90' lang='lat' dir='ltr'><strong>tu</strong></span> <span class='ocrx_word' id='word_1_569' title='bbox 1646 3906 1754 3971; x_wconf 86' lang='lat' dir='ltr'><strong>servis</strong></span> <span class='ocrx_word' id='word_1_570' title='bbox 1776 3904 1863 3985; x_wconf 88' lang='lat' dir='ltr'><strong>Deo,</strong></span> <span class='ocrx_word' id='word_1_571' title='bbox 1888 3908 2033 3971; x_wconf 85' lang='lat' dir='ltr'><strong>vicissim</strong></span> <span class='ocrx_word' id='word_1_572' title='bbox 2056 3904 2127 3971; x_wconf 90' lang='lat' dir='ltr'><strong>vult</strong></span> <span class='ocrx_word' id='word_1_573' title='bbox 2148 3908 2205 3972; x_wconf 92' lang='lat' dir='ltr'><strong>tibi</strong></span> <span class='ocrx_word' id='word_1_574' title='bbox 2229 3903 2440 3983; x_wconf 83' lang='lat' dir='ltr'><strong>benefacere,</strong></span> <span class='ocrx_word' id='word_1_575' title='bbox 2470 3914 2507 3971; x_wconf 89' lang='lat' dir='ltr'><strong>et</strong></span> 
     </span>
     <span class='ocr_line' id='line_1_40' title="bbox 487 3986 2506 4081; baseline -0.001 -24"><span class='ocrx_word' id='word_1_576' title='bbox 487 3991 590 4060; x_wconf 84' lang='lat' dir='ltr'><strong>veluit</strong></span> <span class='ocrx_word' id='word_1_577' title='bbox 611 3992 729 4069; x_wconf 85' lang='lat' dir='ltr'><strong>virtus,</strong></span> <span class='ocrx_word' id='word_1_578' title='bbox 751 4013 849 4077; x_wconf 86' lang='lat' dir='ltr'><strong>quarn</strong></span> <span class='ocrx_word' id='word_1_579' title='bbox 872 3987 1063 4055; x_wconf 77' lang='lat' dir='ltr'><strong>erudelitas</strong></span> <span class='ocrx_word' id='word_1_580' title='bbox 1521 3994 1663 4059; x_wconf 87' lang='lat' dir='ltr'><strong>reddere</strong></span> <span class='ocrx_word' id='word_1_581' title='bbox 1684 3993 1830 4081; x_wconf 83' lang='lat' dir='ltr'><strong>ingentia</strong></span> <span class='ocrx_word' id='word_1_582' title='bbox 1853 3994 2015 4078; x_wconf 84' lang='lat' dir='ltr'><strong>praemia3</strong></span> <span class='ocrx_word' id='word_1_583' title='bbox 2037 4013 2154 4059; x_wconf 79' lang='lat' dir='ltr'><strong>curiates</strong></span> <span class='ocrx_word' id='word_1_584' title='bbox 2177 3996 2319 4058; x_wconf 82' lang='lat' dir='ltr'><strong>virtutes</strong></span> <span class='ocrx_word' id='word_1_585' title='bbox 2335 3990 2422 4056; x_wconf 89' lang='lat' dir='ltr'><strong>inter</strong></span> <span class='ocrx_word' id='word_1_586' title='bbox 2443 3986 2506 4055; x_wconf 81' lang='lat' dir='ltr'><strong>lto·</strong></span> 
     </span>
     <span class='ocr_line' id='line_1_41' title="bbox 572 4073 2506 4168; baseline -0.001 -24"><span class='ocrx_word' id='word_1_587' title='bbox 572 4078 642 4144; x_wconf 84' lang='lat' dir='ltr'><strong>lsta</strong></span> <span class='ocrx_word' id='word_1_588' title='bbox 681 4092 760 4142; x_wconf 90' lang='lat' dir='ltr'><strong>sunt</strong></span> <span class='ocrx_word' id='word_1_589' title='bbox 799 4073 950 4162; x_wconf 79' lang='lat' dir='ltr'><strong>esernpla</strong></span> <span class='ocrx_word' id='word_1_590' title='bbox 994 4078 1152 4142; x_wconf 88' lang='lat' dir='ltr'><strong>virtutum</strong></span> <span class='ocrx_word' id='word_1_591' title='bbox 1195 4075 1467 4158; x_wconf 85' lang='lat' dir='ltr'><strong>memorabilium,</strong></span> <span class='ocrx_word' id='word_1_592' title='bbox 1494 4120 1496 4131; x_wconf 86' lang='lat'>·</span> <span class='ocrx_word' id='word_1_593' title='bbox 1520 4080 1626 4146; x_wconf 86' lang='lat' dir='ltr'><strong>mines</strong></span> <span class='ocrx_word' id='word_1_594' title='bbox 1650 4094 1727 4143; x_wconf 86' lang='lat' dir='ltr'><strong>sant</strong></span> <span class='ocrx_word' id='word_1_595' title='bbox 1749 4081 1922 4168; x_wconf 86' lang='lat' dir='ltr'><strong>imagines,</strong></span> <span class='ocrx_word' id='word_1_596' title='bbox 1945 4076 2000 4144; x_wconf 87' lang='lat' dir='ltr'><strong>vel</strong></span> <span class='ocrx_word' id='word_1_597' title='bbox 2023 4077 2358 4146; x_wconf 83' lang='lat' dir='ltr'><strong>conrmonesactiones</strong></span> <span class='ocrx_word' id='word_1_598' title='bbox 2380 4077 2424 4143; x_wconf 89' lang='lat' dir='ltr'><strong>de</strong></span> <span class='ocrx_word' id='word_1_599' title='bbox 2446 4096 2506 4144; x_wconf 84' lang='lat' dir='ltr'><strong>vo·</strong></span> 
     </span>
     <span class='ocr_line' id='line_1_42' title="bbox 486 4160 1741 4252; baseline 0.001 -23"><span class='ocrx_word' id='word_1_600' title='bbox 486 4184 572 4252; x_wconf 85' lang='lat' dir='ltr'><strong>quae</strong></span> <span class='ocrx_word' id='word_1_601' title='bbox 595 4166 719 4228; x_wconf 86' lang='lat' dir='ltr'><strong>debent</strong></span> <span class='ocrx_word' id='word_1_602' title='bbox 745 4184 824 4228; x_wconf 77' lang='lat' dir='ltr'><strong>esse</strong></span> <span class='ocrx_word' id='word_1_603' title='bbox 852 4160 1190 4228; x_wconf 82' lang='lat' dir='ltr'><strong>eonrmonel&#39;actiones</strong></span> <span class='ocrx_word' id='word_1_604' title='bbox 1220 4164 1381 4241; x_wconf 86' lang='lat' dir='ltr'><strong>caeteris,</strong></span> <span class='ocrx_word' id='word_1_605' title='bbox 1408 4167 1469 4227; x_wconf 74' lang='lat' dir='ltr'><strong>alar</strong></span> <span class='ocrx_word' id='word_1_606' title='bbox 1493 4210 1496 4225; x_wconf 54' lang='lat'>1</span> <span class='ocrx_word' id='word_1_607' title='bbox 1519 4165 1646 4234; x_wconf 89' lang='lat' dir='ltr'><strong>luntate</strong></span> <span class='ocrx_word' id='word_1_608' title='bbox 1667 4164 1741 4231; x_wconf 84' lang='lat' dir='ltr'><strong>Dei.</strong></span> 
     </span>
     <span class='ocr_line' id='line_1_43' title="bbox 485 4249 2506 4339; baseline 0.003 -28"><span class='ocrx_word' id='word_1_609' title='bbox 485 4270 556 4311; x_wconf 83' lang='lat' dir='ltr'><strong>aron</strong></span> <span class='ocrx_word' id='word_1_610' title='bbox 573 4249 798 4322; x_wconf 78' lang='lat' dir='ltr'><strong>trrrlerselrelde,</strong></span> <span class='ocrx_word' id='word_1_611' title='bbox 816 4249 963 4311; x_wconf 71' lang='lat' dir='ltr'><strong>zwisalten</strong></span> <span class='ocrx_word' id='word_1_612' title='bbox 982 4251 1100 4331; x_wconf 66' lang='lat' dir='ltr'><strong>tapam</strong></span> <span class='ocrx_word' id='word_1_613' title='bbox 1117 4250 1182 4311; x_wconf 76' lang='lat' dir='ltr'><strong>uriel</strong></span> <span class='ocrx_word' id='word_1_614' title='bbox 1199 4252 1368 4333; x_wconf 62' lang='lat' dir='ltr'><strong>tottapettth</strong></span> <span class='ocrx_word' id='word_1_615' title='bbox 1391 4254 1470 4314; x_wconf 73' lang='lat' dir='ltr'><strong>elam</strong></span> <span class='ocrx_word' id='word_1_616' title='bbox 1607 4253 1673 4318; x_wconf 81' lang='lat' dir='ltr'><strong>lant</strong></span> <span class='ocrx_word' id='word_1_617' title='bbox 1697 4255 1857 4339; x_wconf 85' lang='lat' dir='ltr'><strong>cogitare,</strong></span> <span class='ocrx_word' id='word_1_618' title='bbox 1875 4267 2032 4338; x_wconf 85' lang='lat' dir='ltr'><strong>qnantum</strong></span> <span class='ocrx_word' id='word_1_619' title='bbox 2051 4255 2092 4317; x_wconf 91' lang='lat' dir='ltr'><strong>sit</strong></span> <span class='ocrx_word' id='word_1_620' title='bbox 2106 4253 2350 4318; x_wconf 79' lang='lat' dir='ltr'><strong>mendaciorum</strong></span> <span class='ocrx_word' id='word_1_621' title='bbox 2372 4252 2409 4316; x_wconf 86' lang='lat' dir='ltr'><strong>ln</strong></span> <span class='ocrx_word' id='word_1_622' title='bbox 2431 4260 2506 4317; x_wconf 79' lang='lat' dir='ltr'><strong>toto</strong></span> 
     </span>
     <span class='ocr_line' id='line_1_44' title="bbox 485 4334 2506 4425; baseline 0.004 -29"><span class='ocrx_word' id='word_1_623' title='bbox 485 4339 544 4397; x_wconf 81' lang='lat' dir='ltr'><strong>wir</strong></span> <span class='ocrx_word' id='word_1_624' title='bbox 565 4334 649 4397; x_wconf 79' lang='lat' dir='ltr'><strong>dori</strong></span> <span class='ocrx_word' id='word_1_625' title='bbox 670 4334 756 4397; x_wconf 79' lang='lat' dir='ltr'><strong>nield</strong></span> <span class='ocrx_word' id='word_1_626' title='bbox 778 4357 813 4396; x_wconf 82' lang='lat' dir='ltr'><strong>so</strong></span> <span class='ocrx_word' id='word_1_627' title='bbox 836 4334 914 4396; x_wconf 82' lang='lat' dir='ltr'><strong>wilti</strong></span> <span class='ocrx_word' id='word_1_628' title='bbox 942 4339 1021 4401; x_wconf 84' lang='lat' dir='ltr'><strong>sein:</strong></span> <span class='ocrx_word' id='word_1_629' title='bbox 1052 4335 1146 4401; x_wconf 81' lang='lat' dir='ltr'><strong>Sedet</strong></span> <span class='ocrx_word' id='word_1_630' title='bbox 1172 4336 1272 4415; x_wconf 71' lang='lat' dir='ltr'><strong>dorla,</strong></span> <span class='ocrx_word' id='word_1_631' title='bbox 1305 4360 1339 4403; x_wconf 78' lang='lat' dir='ltr'><strong>es</strong></span> <span class='ocrx_word' id='word_1_632' title='bbox 1367 4337 1469 4421; x_wconf 77' lang='lat' dir='ltr'><strong>liepea</strong></span> <span class='ocrx_word' id='word_1_633' title='bbox 1544 4360 1646 4405; x_wconf 88' lang='lat' dir='ltr'><strong>encre</strong></span> <span class='ocrx_word' id='word_1_634' title='bbox 1675 4339 1832 4417; x_wconf 83' lang='lat' dir='ltr'><strong>burnano,</strong></span> <span class='ocrx_word' id='word_1_635' title='bbox 1866 4340 1956 4423; x_wconf 88' lang='lat' dir='ltr'><strong>quod</strong></span> <span class='ocrx_word' id='word_1_636' title='bbox 1989 4359 2056 4404; x_wconf 94' lang='lat' dir='ltr'><strong>non</strong></span> <span class='ocrx_word' id='word_1_637' title='bbox 2090 4342 2305 4425; x_wconf 70' lang='lat' dir='ltr'><strong>agnoscimus</strong></span> <span class='ocrx_word' id='word_1_638' title='bbox 2337 4334 2506 4405; x_wconf 77' lang='lat' dir='ltr'><strong>beneficis</strong></span> 
     </span>
     <span class='ocr_line' id='line_1_45' title="bbox 485 4362 2506 4510; baseline 0.002 -25"><span class='ocrx_word' id='word_1_639' title='bbox 485 4444 543 4485; x_wconf 75' lang='lat' dir='ltr'><strong>utu</strong></span> <span class='ocrx_word' id='word_1_640' title='bbox 563 4444 600 4485; x_wconf 85' lang='lat' dir='ltr'><strong>so</strong></span> <span class='ocrx_word' id='word_1_641' title='bbox 622 4442 734 4502; x_wconf 75' lang='lat' dir='ltr'><strong>prosse</strong></span> <span class='ocrx_word' id='word_1_642' title='bbox 754 4424 881 4503; x_wconf 75' lang='lat' dir='ltr'><strong>straffen</strong></span> <span class='ocrx_word' id='word_1_643' title='bbox 904 4423 974 4502; x_wconf 77' lang='lat' dir='ltr'><strong>oaff</strong></span> <span class='ocrx_word' id='word_1_644' title='bbox 988 4422 1057 4483; x_wconf 77' lang='lat' dir='ltr'><strong>dene</strong></span> <span class='ocrx_word' id='word_1_645' title='bbox 1078 4422 1180 4493; x_wconf 75' lang='lat' dir='ltr'><strong>balae,</strong></span> <span class='ocrx_word' id='word_1_646' title='bbox 1214 4435 1323 4489; x_wconf 91' lang='lat' dir='ltr'><strong>tamen</strong></span> <span class='ocrx_word' id='word_1_647' title='bbox 1353 4444 1469 4491; x_wconf 82' lang='lat' dir='ltr'><strong>sunaus</strong></span> <span class='ocrx_word' id='word_1_648' title='bbox 1493 4417 1497 4493; x_wconf 88' lang='lat' dir='ltr'><strong>l</strong></span> <span class='ocrx_word' id='word_1_649' title='bbox 1520 4362 1597 4504; x_wconf 73' lang='lat' dir='ltr'><strong>liat,</strong></span> <span class='ocrx_word' id='word_1_650' title='bbox 1621 4444 1707 4510; x_wconf 89' lang='lat' dir='ltr'><strong>qnae</strong></span> <span class='ocrx_word' id='word_1_651' title='bbox 1728 4429 1771 4490; x_wconf 89' lang='lat' dir='ltr'><strong>ab</strong></span> <span class='ocrx_word' id='word_1_652' title='bbox 1795 4427 1867 4509; x_wconf 93' lang='lat' dir='ltr'><strong>ipsa</strong></span> <span class='ocrx_word' id='word_1_653' title='bbox 1889 4424 2041 4508; x_wconf 84' lang='lat' dir='ltr'><strong>prolecta</strong></span> <span class='ocrx_word' id='word_1_654' title='bbox 2063 4437 2157 4488; x_wconf 84' lang='lat' dir='ltr'><strong>sntn:</strong></span> <span class='ocrx_word' id='word_1_655' title='bbox 2190 4428 2279 4504; x_wconf 88' lang='lat' dir='ltr'><strong>item,</strong></span> <span class='ocrx_word' id='word_1_656' title='bbox 2300 4436 2426 4510; x_wconf 77' lang='lat' dir='ltr'><strong>quarata</strong></span> <span class='ocrx_word' id='word_1_657' title='bbox 2459 4422 2506 4489; x_wconf 87' lang='lat' dir='ltr'><strong>slt</strong></span> 
     </span>
     <span class='ocr_line' id='line_1_46' title="bbox 485 4504 2504 4596; baseline 0.001 -22"><span class='ocrx_word' id='word_1_658' title='bbox 485 4519 552 4574; x_wconf 87' lang='lat' dir='ltr'><strong>tam</strong></span> <span class='ocrx_word' id='word_1_659' title='bbox 575 4510 659 4586; x_wconf 89' lang='lat' dir='ltr'><strong>duri,</strong></span> <span class='ocrx_word' id='word_1_660' title='bbox 680 4520 715 4571; x_wconf 90' lang='lat' dir='ltr'><strong>ut</strong></span> <span class='ocrx_word' id='word_1_661' title='bbox 737 4506 817 4572; x_wconf 93' lang='lat' dir='ltr'><strong>nibil</strong></span> <span class='ocrx_word' id='word_1_662' title='bbox 841 4528 1034 4573; x_wconf 88' lang='lat' dir='ltr'><strong>moveamur</strong></span> <span class='ocrx_word' id='word_1_663' title='bbox 1056 4530 1106 4573; x_wconf 92' lang='lat' dir='ltr'><strong>ma</strong></span> <span class='ocrx_word' id='word_1_664' title='bbox 1134 4510 1281 4574; x_wconf 87' lang='lat' dir='ltr'><strong>nitudine</strong></span> <span class='ocrx_word' id='word_1_665' title='bbox 1299 4504 1467 4578; x_wconf 83' lang='lat' dir='ltr'><strong>calamita·</strong></span> <span class='ocrx_word' id='word_1_666' title='bbox 1493 4520 1496 4537; x_wconf 81' lang='lat'><strong>¹</strong></span> <span class='ocrx_word' id='word_1_667' title='bbox 1520 4512 1692 4586; x_wconf 83' lang='lat' dir='ltr'><strong>iniustitia3</strong></span> <span class='ocrx_word' id='word_1_668' title='bbox 1714 4513 1803 4596; x_wconf 88' lang='lat' dir='ltr'><strong>qnod</strong></span> <span class='ocrx_word' id='word_1_669' title='bbox 1826 4531 1894 4575; x_wconf 90' lang='lat' dir='ltr'><strong>non</strong></span> <span class='ocrx_word' id='word_1_670' title='bbox 1916 4512 2060 4575; x_wconf 86' lang='lat' dir='ltr'><strong>vicissim</strong></span> <span class='ocrx_word' id='word_1_671' title='bbox 2072 4509 2148 4575; x_wconf 85' lang='lat' dir='ltr'><strong>Deo</strong></span> <span class='ocrx_word' id='word_1_672' title='bbox 2165 4514 2332 4576; x_wconf 89' lang='lat' dir='ltr'><strong>reddimus</strong></span> <span class='ocrx_word' id='word_1_673' title='bbox 2344 4510 2504 4576; x_wconf 86' lang='lat' dir='ltr'><strong>obedien·</strong></span> 
     </span>
     <span class='ocr_line' id='line_1_47' title="bbox 484 4531 2510 4682; baseline 0.001 -23"><span class='ocrx_word' id='word_1_674' title='bbox 484 4604 566 4673; x_wconf 89' lang='lat' dir='ltr'><strong>tum,</strong></span> <span class='ocrx_word' id='word_1_675' title='bbox 587 4598 645 4656; x_wconf 85' lang='lat' dir='ltr'><strong>wic</strong></span> <span class='ocrx_word' id='word_1_676' title='bbox 667 4596 724 4656; x_wconf 86' lang='lat' dir='ltr'><strong>der</strong></span> <span class='ocrx_word' id='word_1_677' title='bbox 746 4597 888 4681; x_wconf 88' lang='lat' dir='ltr'><strong>prophet</strong></span> <span class='ocrx_word' id='word_1_678' title='bbox 914 4602 1003 4676; x_wconf 76' lang='lat' dir='ltr'><strong>rapt,</strong></span> <span class='ocrx_word' id='word_1_679' title='bbox 1031 4594 1073 4658; x_wconf 81' lang='lat' dir='ltr'><strong>de</strong></span> <span class='ocrx_word' id='word_1_680' title='bbox 1095 4531 1204 4672; x_wconf 72' lang='lat' dir='ltr'><strong>(laute</strong></span> <span class='ocrx_word' id='word_1_681' title='bbox 1220 4598 1338 4674; x_wconf 72' lang='lat' dir='ltr'><strong>senec.</strong></span> <span class='ocrx_word' id='word_1_682' title='bbox 1385 4596 1468 4665; x_wconf 84' lang='lat' dir='ltr'><strong>Pau-</strong></span> <span class='ocrx_word' id='word_1_683' title='bbox 1493 4560 1497 4669; x_wconf 80' lang='lat' dir='ltr'><strong>l</strong></span> <span class='ocrx_word' id='word_1_684' title='bbox 1519 4601 1608 4675; x_wconf 92' lang='lat' dir='ltr'><strong>tiam,</strong></span> <span class='ocrx_word' id='word_1_685' title='bbox 1630 4618 1728 4682; x_wconf 87' lang='lat' dir='ltr'><strong>quarn</strong></span> <span class='ocrx_word' id='word_1_686' title='bbox 1753 4618 1790 4661; x_wconf 92' lang='lat' dir='ltr'><strong>re</strong></span> <span class='ocrx_word' id='word_1_687' title='bbox 1814 4597 1901 4660; x_wconf 89' lang='lat' dir='ltr'><strong>uirit.</strong></span> <span class='ocrx_word' id='word_1_688' title='bbox 1944 4596 2058 4659; x_wconf 83' lang='lat' dir='ltr'><strong>Nelmt</strong></span> <span class='ocrx_word' id='word_1_689' title='bbox 2078 4599 2140 4661; x_wconf 81' lang='lat' dir='ltr'><strong>dea</strong></span> <span class='ocrx_word' id='word_1_690' title='bbox 2162 4600 2273 4663; x_wconf 82' lang='lat' dir='ltr'><strong>Adam.</strong></span> <span class='ocrx_word' id='word_1_691' title='bbox 2307 4597 2374 4675; x_wconf 78' lang='lat' dir='ltr'><strong>Ab,</strong></span> <span class='ocrx_word' id='word_1_692' title='bbox 2396 4616 2510 4682; x_wconf 66' lang='lat' dir='ltr'><strong>quam</strong></span> 
     </span>
     <span class='ocr_line' id='line_1_48' title="bbox 485 4618 2506 4831; baseline 0.002 -86"><span class='ocrx_word' id='word_1_693' title='bbox 485 4681 608 4747; x_wconf 82' lang='lat' dir='ltr'><strong>cissinri</strong></span> <span class='ocrx_word' id='word_1_694' title='bbox 632 4680 784 4746; x_wconf 85' lang='lat' dir='ltr'><strong>bonrines</strong></span> <span class='ocrx_word' id='word_1_695' title='bbox 814 4693 999 4760; x_wconf 84' lang='lat' dir='ltr'><strong>nroventur,</strong></span> <span class='ocrx_word' id='word_1_696' title='bbox 1033 4681 1130 4746; x_wconf 90' lang='lat' dir='ltr'><strong>etiam</strong></span> <span class='ocrx_word' id='word_1_697' title='bbox 1148 4679 1212 4763; x_wconf 92' lang='lat' dir='ltr'><strong>illi,</strong></span> <span class='ocrx_word' id='word_1_698' title='bbox 1246 4684 1302 4767; x_wconf 85' lang='lat' dir='ltr'><strong>qui</strong></span> <span class='ocrx_word' id='word_1_699' title='bbox 1330 4695 1409 4749; x_wconf 89' lang='lat' dir='ltr'><strong>sunt</strong></span> <span class='ocrx_word' id='word_1_700' title='bbox 1434 4685 1468 4748; x_wconf 95' lang='lat' dir='ltr'><strong>in</strong></span> <span class='ocrx_word' id='word_1_701' title='bbox 1493 4674 1497 4797; x_wconf 61' lang='grc' dir='ltr'>ἰ</span> <span class='ocrx_word' id='word_1_702' title='bbox 1520 4696 1555 4748; x_wconf 88' lang='lat' dir='ltr'><strong>tu</strong></span> <span class='ocrx_word' id='word_1_703' title='bbox 1578 4682 1779 4771; x_wconf 89' lang='lat' dir='ltr'><strong>ingratitudo</strong></span> <span class='ocrx_word' id='word_1_704' title='bbox 1792 4618 1863 4748; x_wconf 81' lang='lat' dir='ltr'><strong>luit</strong></span> <span class='ocrx_word' id='word_1_705' title='bbox 1879 4683 2061 4831; x_wconf 50' lang='lat' dir='ltr'><strong>primorum</strong></span> <span class='ocrx_word' id='word_1_706' title='bbox 2089 4683 2276 4767; x_wconf 87' lang='lat' dir='ltr'><strong>parentum!</strong></span> <span class='ocrx_word' id='word_1_707' title='bbox 2309 4684 2419 4749; x_wconf 81' lang='lat' dir='ltr'><strong>Adam</strong></span> <span class='ocrx_word' id='word_1_708' title='bbox 2442 4679 2506 4753; x_wconf 80' lang='lat' dir='ltr'><strong>tuit</strong></span> 
     </span>
     <span class='ocr_line' id='line_1_49' title="bbox 486 4764 2505 4857; baseline 0.002 -27"><span class='ocrx_word' id='word_1_709' title='bbox 486 4766 567 4850; x_wconf 86' lang='lat' dir='ltr'><strong>ipsis</strong></span> <span class='ocrx_word' id='word_1_710' title='bbox 596 4764 859 4834; x_wconf 86' lang='lat' dir='ltr'><strong>calamitatibus:</strong></span> <span class='ocrx_word' id='word_1_711' title='bbox 893 4771 981 4833; x_wconf 88' lang='lat' dir='ltr'><strong>sicat</strong></span> <span class='ocrx_word' id='word_1_712' title='bbox 1012 4764 1098 4833; x_wconf 88' lang='lat' dir='ltr'><strong>latro</strong></span> <span class='ocrx_word' id='word_1_713' title='bbox 1132 4772 1166 4832; x_wconf 94' lang='lat' dir='ltr'><strong>in</strong></span> <span class='ocrx_word' id='word_1_714' title='bbox 1196 4788 1305 4850; x_wconf 84' lang='lat' dir='ltr'><strong>cruce,</strong></span> <span class='ocrx_word' id='word_1_715' title='bbox 1336 4771 1371 4834; x_wconf 93' lang='lat' dir='ltr'><strong>in</strong></span> <span class='ocrx_word' id='word_1_716' title='bbox 1404 4789 1468 4835; x_wconf 89' lang='lat' dir='ltr'><strong>sua</strong></span> <span class='ocrx_word' id='word_1_717' title='bbox 1492 4804 1496 4857; x_wconf 71' lang='grc' dir='ltr'>Ι</span> <span class='ocrx_word' id='word_1_718' title='bbox 1520 4781 1659 4834; x_wconf 87' lang='lat' dir='ltr'><strong>ornatus</strong></span> <span class='ocrx_word' id='word_1_719' title='bbox 1682 4780 1774 4833; x_wconf 91' lang='lat' dir='ltr'><strong>tanta</strong></span> <span class='ocrx_word' id='word_1_720' title='bbox 1796 4766 1994 4834; x_wconf 79' lang='lat' dir='ltr'><strong>excelentia</strong></span> <span class='ocrx_word' id='word_1_721' title='bbox 2016 4771 2189 4850; x_wconf 72' lang='lat' dir='ltr'><strong>alanorum,</strong></span> <span class='ocrx_word' id='word_1_722' title='bbox 2212 4770 2387 4856; x_wconf 88' lang='lat' dir='ltr'><strong>sapientia,</strong></span> <span class='ocrx_word' id='word_1_723' title='bbox 2410 4768 2505 4835; x_wconf 87' lang='lat' dir='ltr'><strong>iusti·</strong></span> 
     </span>
     <span class='ocr_line' id='line_1_50' title="bbox 485 4848 2504 4943; baseline 0.003 -27"><span class='ocrx_word' id='word_1_724' title='bbox 485 4848 673 4918; x_wconf 88' lang='lat' dir='ltr'><strong>calamitate</strong></span> <span class='ocrx_word' id='word_1_725' title='bbox 695 4856 779 4920; x_wconf 88' lang='lat' dir='ltr'><strong>ridet</strong></span> <span class='ocrx_word' id='word_1_726' title='bbox 806 4855 908 4919; x_wconf 89' lang='lat' dir='ltr'><strong>risum</strong></span> <span class='ocrx_word' id='word_1_727' title='bbox 932 4854 1142 4921; x_wconf 86' lang='lat' dir='ltr'><strong>Sardonium.</strong></span> <span class='ocrx_word' id='word_1_728' title='bbox 1187 4852 1282 4918; x_wconf 89' lang='lat' dir='ltr'><strong>Deus</strong></span> <span class='ocrx_word' id='word_1_729' title='bbox 1311 4856 1468 4941; x_wconf 88' lang='lat' dir='ltr'><strong>respiciat</strong></span> <span class='ocrx_word' id='word_1_730' title='bbox 1520 4857 1577 4936; x_wconf 89' lang='lat' dir='ltr'><strong>tia,</strong></span> <span class='ocrx_word' id='word_1_731' title='bbox 1601 4854 1753 4921; x_wconf 88' lang='lat' dir='ltr'><strong>libertate</strong></span> <span class='ocrx_word' id='word_1_732' title='bbox 1770 4853 1950 4920; x_wconf 88' lang='lat' dir='ltr'><strong>voluntatis</strong></span> <span class='ocrx_word' id='word_1_733' title='bbox 1970 4876 2035 4921; x_wconf 90' lang='lat' dir='ltr'><strong>non</strong></span> <span class='ocrx_word' id='word_1_734' title='bbox 2053 4858 2220 4941; x_wconf 89' lang='lat' dir='ltr'><strong>impedita,</strong></span> <span class='ocrx_word' id='word_1_735' title='bbox 2238 4857 2427 4943; x_wconf 87' lang='lat' dir='ltr'><strong>integritate</strong></span> <span class='ocrx_word' id='word_1_736' title='bbox 2444 4876 2504 4922; x_wconf 81' lang='lat' dir='ltr'><strong>na·</strong></span> 
     </span>
     <span class='ocr_line' id='line_1_51' title="bbox 484 4938 2505 5069; baseline 0.002 -66"><span class='ocrx_word' id='word_1_737' title='bbox 484 4958 561 5017; x_wconf 87' lang='lat' dir='ltr'><strong>nos,</strong></span> <span class='ocrx_word' id='word_1_738' title='bbox 584 4952 617 5003; x_wconf 90' lang='lat' dir='ltr'><strong>et</strong></span> <span class='ocrx_word' id='word_1_739' title='bbox 637 4940 752 5005; x_wconf 85' lang='lat' dir='ltr'><strong>flectat</strong></span> <span class='ocrx_word' id='word_1_740' title='bbox 783 4955 913 5006; x_wconf 85' lang='lat' dir='ltr'><strong>mentes</strong></span> <span class='ocrx_word' id='word_1_741' title='bbox 946 4955 1081 5008; x_wconf 77' lang='lat' dir='ltr'><strong>nostres</strong></span> <span class='ocrx_word' id='word_1_742' title='bbox 1115 4941 1157 5005; x_wconf 90' lang='lat' dir='ltr'><strong>ad</strong></span> <span class='ocrx_word' id='word_1_743' title='bbox 1191 4960 1240 5007; x_wconf 85' lang='lat' dir='ltr'><strong>sa.</strong></span> <span class='ocrx_word' id='word_1_744' title='bbox 1284 4938 1357 5003; x_wconf 86' lang='lat' dir='ltr'><strong>Nua</strong></span> <span class='ocrx_word' id='word_1_745' title='bbox 1390 4963 1469 5025; x_wconf 71' lang='lat' dir='ltr'><strong>rape</strong></span> <span class='ocrx_word' id='word_1_746' title='bbox 1490 4980 1497 5069; x_wconf 62' lang='grc' dir='ltr'>Ι</span> <span class='ocrx_word' id='word_1_747' title='bbox 1520 4953 1626 5019; x_wconf 88' lang='lat' dir='ltr'><strong>turae,</strong></span> <span class='ocrx_word' id='word_1_748' title='bbox 1650 4942 1737 5006; x_wconf 87' lang='lat' dir='ltr'><strong>vitae</strong></span> <span class='ocrx_word' id='word_1_749' title='bbox 1760 4942 1989 5026; x_wconf 89' lang='lat' dir='ltr'><strong>perpetuitate,</strong></span> <span class='ocrx_word' id='word_1_750' title='bbox 2018 4943 2047 5006; x_wconf 90' lang='lat' dir='ltr'><strong>si</strong></span> <span class='ocrx_word' id='word_1_751' title='bbox 2069 4946 2120 5008; x_wconf 90' lang='lat' dir='ltr'><strong>sic</strong></span> <span class='ocrx_word' id='word_1_752' title='bbox 2142 4944 2337 5019; x_wconf 65' lang='lat' dir='ltr'><strong>mansissem</strong></span> <span class='ocrx_word' id='word_1_753' title='bbox 2358 4942 2505 5029; x_wconf 78' lang='lat' dir='ltr'><strong>denique</strong></span> 
     </span>
     <span class='ocr_line' id='line_1_52' title="bbox 483 5021 2505 5113; baseline 0.004 -28"><span class='ocrx_word' id='word_1_754' title='bbox 483 5023 551 5086; x_wconf 77' lang='lat' dir='ltr'><strong>tela:</strong></span> <span class='ocrx_word' id='word_1_755' title='bbox 585 5021 790 5112; x_wconf 89' lang='lat' dir='ltr'><strong>lngratitndo</strong></span> <span class='ocrx_word' id='word_1_756' title='bbox 814 5040 865 5092; x_wconf 90' lang='lat' dir='ltr'><strong>est</strong></span> <span class='ocrx_word' id='word_1_757' title='bbox 887 5028 1027 5106; x_wconf 89' lang='lat' dir='ltr'><strong>usitata,</strong></span> <span class='ocrx_word' id='word_1_758' title='bbox 1059 5038 1092 5093; x_wconf 89' lang='lat' dir='ltr'><strong>et</strong></span> <span class='ocrx_word' id='word_1_759' title='bbox 1115 5026 1190 5093; x_wconf 89' lang='lat' dir='ltr'><strong>Deo</strong></span> <span class='ocrx_word' id='word_1_760' title='bbox 1223 5039 1316 5094; x_wconf 86' lang='lat' dir='ltr'><strong>certe</strong></span> <span class='ocrx_word' id='word_1_761' title='bbox 1349 5048 1466 5096; x_wconf 89' lang='lat' dir='ltr'><strong>omnes</strong></span> <span class='ocrx_word' id='word_1_762' title='bbox 1520 5028 1581 5094; x_wconf 84' lang='lat' dir='ltr'><strong>suit</strong></span> <span class='ocrx_word' id='word_1_763' title='bbox 1605 5025 1803 5093; x_wconf 86' lang='lat' dir='ltr'><strong>domicilium</strong></span> <span class='ocrx_word' id='word_1_764' title='bbox 1826 5029 1964 5113; x_wconf 87' lang='lat' dir='ltr'><strong>Spiritus</strong></span> <span class='ocrx_word' id='word_1_765' title='bbox 1993 5031 2115 5095; x_wconf 90' lang='lat' dir='ltr'><strong>sancti:</strong></span> <span class='ocrx_word' id='word_1_766' title='bbox 2149 5041 2258 5094; x_wconf 85' lang='lat' dir='ltr'><strong>tamen</strong></span> <span class='ocrx_word' id='word_1_767' title='bbox 2292 5025 2505 5097; x_wconf 84' lang='lat' dir='ltr'><strong>obliviscitur</strong></span> 
     </span>
     <span class='ocr_line' id='line_1_53' title="bbox 456 5108 2503 5201; baseline 0.003 -26"><span class='ocrx_word' id='word_1_768' title='bbox 456 5108 636 5177; x_wconf 84' lang='lat' dir='ltr'><strong>·bomines</strong></span> <span class='ocrx_word' id='word_1_769' title='bbox 658 5124 735 5176; x_wconf 90' lang='lat' dir='ltr'><strong>sunt</strong></span> <span class='ocrx_word' id='word_1_770' title='bbox 756 5114 896 5199; x_wconf 78' lang='lat' dir='ltr'><strong>ingrati3</strong></span> <span class='ocrx_word' id='word_1_771' title='bbox 919 5110 974 5179; x_wconf 91' lang='lat' dir='ltr'><strong>alii</strong></span> <span class='ocrx_word' id='word_1_772' title='bbox 997 5111 1084 5201; x_wconf 81' lang='lat' dir='ltr'><strong>plus,</strong></span> <span class='ocrx_word' id='word_1_773' title='bbox 1102 5112 1158 5178; x_wconf 89' lang='lat' dir='ltr'><strong>alii</strong></span> <span class='ocrx_word' id='word_1_774' title='bbox 1175 5114 1293 5179; x_wconf 85' lang='lat' dir='ltr'><strong>nrinus.</strong></span> <span class='ocrx_word' id='word_1_775' title='bbox 1337 5115 1469 5183; x_wconf 84' lang='lat' dir='ltr'><strong>Discite</strong></span> <span class='ocrx_word' id='word_1_776' title='bbox 1520 5114 1584 5182; x_wconf 90' lang='lat' dir='ltr'><strong>Dei</strong></span> <span class='ocrx_word' id='word_1_777' title='bbox 1609 5115 1804 5195; x_wconf 89' lang='lat' dir='ltr'><strong>conditoris,</strong></span> <span class='ocrx_word' id='word_1_778' title='bbox 1827 5135 1895 5180; x_wconf 91' lang='lat' dir='ltr'><strong>nou</strong></span> <span class='ocrx_word' id='word_1_779' title='bbox 1917 5114 2024 5181; x_wconf 85' lang='lat' dir='ltr'><strong>reddit</strong></span> <span class='ocrx_word' id='word_1_780' title='bbox 2056 5116 2086 5179; x_wconf 89' lang='lat' dir='ltr'><strong>ei</strong></span> <span class='ocrx_word' id='word_1_781' title='bbox 2110 5112 2375 5181; x_wconf 86' lang='lat' dir='ltr'><strong>benevolentiam</strong></span> <span class='ocrx_word' id='word_1_782' title='bbox 2410 5116 2503 5183; x_wconf 83' lang='lat' dir='ltr'><strong>debi-</strong></span> 
     </span>
     <span class='ocr_line' id='line_1_54' title="bbox 482 5199 2501 5287; baseline 0.003 -25"><span class='ocrx_word' id='word_1_783' title='bbox 482 5207 594 5263; x_wconf 87' lang='lat' dir='ltr'><strong>autem</strong></span> <span class='ocrx_word' id='word_1_784' title='bbox 616 5199 817 5278; x_wconf 86' lang='lat' dir='ltr'><strong>econtrario,</strong></span> <span class='ocrx_word' id='word_1_785' title='bbox 843 5201 922 5285; x_wconf 86' lang='lat' dir='ltr'><strong>qnid</strong></span> <span class='ocrx_word' id='word_1_786' title='bbox 945 5200 989 5265; x_wconf 89' lang='lat' dir='ltr'><strong>sit</strong></span> <span class='ocrx_word' id='word_1_787' title='bbox 1012 5201 1192 5287; x_wconf 87' lang='lat' dir='ltr'><strong>gratitudo,</strong></span> <span class='ocrx_word' id='word_1_788' title='bbox 1223 5199 1299 5281; x_wconf 77' lang='lat' dir='ltr'><strong>walt</strong></span> <span class='ocrx_word' id='word_1_789' title='bbox 1331 5200 1382 5265; x_wconf 79' lang='lat' dir='ltr'><strong>tir</strong></span> <span class='ocrx_word' id='word_1_790' title='bbox 1415 5204 1466 5269; x_wconf 85' lang='lat' dir='ltr'><strong>ein</strong></span> <span class='ocrx_word' id='word_1_791' title='bbox 1519 5212 1606 5279; x_wconf 86' lang='lat' dir='ltr'><strong>tam;</strong></span> <span class='ocrx_word' id='word_1_792' title='bbox 1630 5201 1770 5267; x_wconf 87' lang='lat' dir='ltr'><strong>discedit</strong></span> <span class='ocrx_word' id='word_1_793' title='bbox 1792 5205 1836 5267; x_wconf 89' lang='lat' dir='ltr'><strong>ab</strong></span> <span class='ocrx_word' id='word_1_794' title='bbox 1859 5223 1912 5281; x_wconf 91' lang='lat' dir='ltr'><strong>eo,</strong></span> <span class='ocrx_word' id='word_1_795' title='bbox 1936 5213 1968 5267; x_wconf 90' lang='lat' dir='ltr'><strong>et</strong></span> <span class='ocrx_word' id='word_1_796' title='bbox 1990 5201 2131 5266; x_wconf 89' lang='lat' dir='ltr'><strong>discedit</strong></span> <span class='ocrx_word' id='word_1_797' title='bbox 2153 5204 2295 5268; x_wconf 88' lang='lat' dir='ltr'><strong>credens</strong></span> <span class='ocrx_word' id='word_1_798' title='bbox 2318 5200 2501 5269; x_wconf 79' lang='lat' dir='ltr'><strong>mendacio.</strong></span> 
     </span>
     <span class='ocr_line' id='line_1_55' title="bbox 483 5281 2503 5374; baseline 0.005 -30"><span class='ocrx_word' id='word_1_799' title='bbox 483 5281 611 5366; x_wconf 72' lang='lat' dir='ltr'><strong>Epistrl</strong></span> <span class='ocrx_word' id='word_1_800' title='bbox 628 5282 799 5363; x_wconf 71' lang='lat' dir='ltr'><strong>sclareiam,</strong></span> <span class='ocrx_word' id='word_1_801' title='bbox 820 5284 882 5346; x_wconf 81' lang='lat' dir='ltr'><strong>dur</strong></span> <span class='ocrx_word' id='word_1_802' title='bbox 904 5306 937 5348; x_wconf 79' lang='lat' dir='ltr'><strong>es</strong></span> <span class='ocrx_word' id='word_1_803' title='bbox 953 5288 1025 5365; x_wconf 80' lang='lat' dir='ltr'><strong>seia</strong></span> <span class='ocrx_word' id='word_1_804' title='bbox 1046 5285 1113 5349; x_wconf 79' lang='lat' dir='ltr'><strong>aad</strong></span> <span class='ocrx_word' id='word_1_805' title='bbox 1134 5284 1289 5351; x_wconf 80' lang='lat' dir='ltr'><strong>eiborlielt</strong></span> <span class='ocrx_word' id='word_1_806' title='bbox 1310 5288 1406 5363; x_wconf 75' lang='lat' dir='ltr'><strong>stela,</strong></span> <span class='ocrx_word' id='word_1_807' title='bbox 1429 5310 1466 5352; x_wconf 81' lang='lat' dir='ltr'><strong>so</strong></span> <span class='ocrx_word' id='word_1_808' title='bbox 1517 5284 1592 5353; x_wconf 83' lang='lat' dir='ltr'><strong>Noa</strong></span> <span class='ocrx_word' id='word_1_809' title='bbox 1625 5291 1809 5368; x_wconf 75' lang='lat' dir='ltr'><strong>morianiai,</strong></span> <span class='ocrx_word' id='word_1_810' title='bbox 1842 5286 1947 5374; x_wconf 89' lang='lat' dir='ltr'><strong>inquit</strong></span> <span class='ocrx_word' id='word_1_811' title='bbox 1990 5284 2167 5353; x_wconf 85' lang='lat' dir='ltr'><strong>Diabolus.</strong></span> <span class='ocrx_word' id='word_1_812' title='bbox 2232 5284 2414 5355; x_wconf 82' lang='lat' dir='ltr'><strong>inchoatur</strong></span> <span class='ocrx_word' id='word_1_813' title='bbox 2444 5282 2503 5355; x_wconf 79' lang='lat' dir='ltr'><strong>ille</strong></span> 
     </span>
     <span class='ocr_line' id='line_1_56' title="bbox 482 5368 2502 5460; baseline 0.004 -27"><span class='ocrx_word' id='word_1_814' title='bbox 482 5378 563 5433; x_wconf 76' lang='lat' dir='ltr'><strong>aaut</strong></span> <span class='ocrx_word' id='word_1_815' title='bbox 583 5368 634 5433; x_wconf 80' lang='lat' dir='ltr'><strong>iln</strong></span> <span class='ocrx_word' id='word_1_816' title='bbox 655 5373 689 5431; x_wconf 85' lang='lat' dir='ltr'><strong>iu</strong></span> <span class='ocrx_word' id='word_1_817' title='bbox 711 5370 934 5437; x_wconf 88' lang='lat' dir='ltr'><strong>delinitionem</strong></span> <span class='ocrx_word' id='word_1_818' title='bbox 957 5373 1168 5459; x_wconf 87' lang='lat' dir='ltr'><strong>gratitudinis</strong></span> <span class='ocrx_word' id='word_1_819' title='bbox 1189 5375 1308 5440; x_wconf 68' lang='lat' dir='ltr'><strong>uisam.</strong></span> <span class='ocrx_word' id='word_1_820' title='bbox 1512 5373 1636 5460; x_wconf 87' lang='lat' dir='ltr'><strong>lapsus</strong></span> <span class='ocrx_word' id='word_1_821' title='bbox 1669 5397 1691 5441; x_wconf 85' lang='lat' dir='ltr'><strong>a</strong></span> <span class='ocrx_word' id='word_1_822' title='bbox 1724 5372 1910 5440; x_wconf 87' lang='lat' dir='ltr'><strong>mendacio.</strong></span> <span class='ocrx_word' id='word_1_823' title='bbox 1971 5372 2097 5438; x_wconf 88' lang='lat' dir='ltr'><strong>Postea</strong></span> <span class='ocrx_word' id='word_1_824' title='bbox 2130 5376 2260 5441; x_wconf 89' lang='lat' dir='ltr'><strong>accedit</strong></span> <span class='ocrx_word' id='word_1_825' title='bbox 2292 5373 2502 5443; x_wconf 68' lang='lat' dir='ltr'><strong>contumaci·</strong></span> 
     </span>
     <span class='ocr_line' id='line_1_57' title="bbox 569 5454 2502 5549; baseline 0.002 -25"><span class='ocrx_word' id='word_1_826' title='bbox 569 5454 746 5525; x_wconf 85' lang='lat' dir='ltr'><strong>Gratitudo</strong></span> <span class='ocrx_word' id='word_1_827' title='bbox 769 5469 820 5525; x_wconf 83' lang='lat' dir='ltr'><strong>est</strong></span> <span class='ocrx_word' id='word_1_828' title='bbox 842 5457 964 5540; x_wconf 84' lang='lat' dir='ltr'><strong>virtus,</strong></span> <span class='ocrx_word' id='word_1_829' title='bbox 985 5457 1020 5523; x_wconf 90' lang='lat' dir='ltr'><strong>in</strong></span> <span class='ocrx_word' id='word_1_830' title='bbox 1041 5479 1108 5546; x_wconf 88' lang='lat' dir='ltr'><strong>qua</strong></span> <span class='ocrx_word' id='word_1_831' title='bbox 1130 5456 1287 5547; x_wconf 82' lang='lat' dir='ltr'><strong>copulata</strong></span> <span class='ocrx_word' id='word_1_832' title='bbox 1313 5474 1391 5531; x_wconf 88' lang='lat' dir='ltr'><strong>sunt</strong></span> <span class='ocrx_word' id='word_1_833' title='bbox 1411 5482 1466 5531; x_wconf 76' lang='lat' dir='ltr'><strong>vs·</strong></span> <span class='ocrx_word' id='word_1_834' title='bbox 1518 5481 1652 5549; x_wconf 85' lang='lat' dir='ltr'><strong>quoque</strong></span> <span class='ocrx_word' id='word_1_835' title='bbox 1685 5474 1718 5527; x_wconf 87' lang='lat' dir='ltr'><strong>et</strong></span> <span class='ocrx_word' id='word_1_836' title='bbox 1750 5460 1984 5527; x_wconf 87' lang='lat' dir='ltr'><strong>inobedientia.</strong></span> <span class='ocrx_word' id='word_1_837' title='bbox 2037 5459 2112 5527; x_wconf 77' lang='lat' dir='ltr'><strong>Due</strong></span> <span class='ocrx_word' id='word_1_838' title='bbox 2142 5480 2254 5543; x_wconf 71' lang='lat' dir='ltr'><strong>poree</strong></span> <span class='ocrx_word' id='word_1_839' title='bbox 2291 5456 2502 5527; x_wconf 57' lang='lat' dir='ltr'><strong>sebast&amp;</strong></span> 
     </span>
    </p>
   </div>
   <div class='ocr_carea' id='block_1_3' title="bbox 0 0 2973 6708">
    <p class='ocr_par' dir='ltr' id='par_1_3' title="bbox 0 0 2973 6708">
     <span class='ocr_line' id='line_1_58' title="bbox 0 0 2973 6708; baseline 0 0"><span class='ocrx_word' id='word_1_840' title='bbox 0 0 2973 6708; x_wconf 95' lang='lat' dir='ltr'><strong> </strong></span> 
     </span>
    </p>
   </div>
  </div>
 </body>
</html>
