5934 6709
414 769 422 785 ,
519 705 581 772 151
1162 702 1277 768 PlllL.
1299 701 1404 769 MEL.
1426 700 1615 770 SCRIPTA
1635 698 1900 767 EliEGE'l'lGA.
2142 761 2148 774 ‚
2470 703 2536 773 152

518 906 570 961 est
589 890 677 975 aula,
696 904 732 960 ιιι
750 892 883 959 dicitur:
904 894 1076 972 Qrmlrireat
1092 894 1235 974 domiuo,
1257 895 1339 959 teies
1354 895 1501 959 catellae.
1639 887 1743 955 Pouet
1760 888 1888 971 uerba]
1931 888 2025 956 llaec
2047 901 2099 956 est
2120 899 2200 957 uota
2221 911 2283 956 seu
2304 892 2451 959 conditio
2472 893 2539 960 Ec·

518 980 599 1046 item
634 980 889 1045 dominabantur
920 991 1000 1045 tuuc
1032 977 1204 1045 Pharisaei
1238 991 1270 1045 et
1303 980 1502 1059 Sadducaei,
1523 952 1530 1027 1
1552 973 1685 1043 clasiae.
1731 974 1855 1041 Postea
1876 972 1930 1042 est
1951 977 2145 1063 promissio:
2176 977 2290 1043 umbro
2312 999 2426 1046 monus
2447 1000 2540 1047 meua

518 1067 670 1133 homines
693 1064 887 1150 simpliciter
908 1063 1011 1132 ἄθεοι.
1032 1064 1069 1130 1ιι
1089 1086 1228 1143 acrama,
1251 1078 1343 1131 erant
1365 1078 1445 1131 tunc
1467 1065 1502 1133 in
1522 1034 1530 1113 1
1551 1071 1721 1149 protegam
1754 1070 1793 1128 ie.
1850 1061 1926 1148 lpse
1954 1060 2210 1129 clementissime
2244 1076 2277 1129 ct
2310 1066 2459 1132 bonitate
2488 1068 2538 1132 ia·

518 1151 577 1218 illo
600 1150 724 1238 populo
748 1154 910 1217 maximae
933 1148 1165 1233 confusiones,
1193 1150 1353 1236 plurimae
1376 1162 1500 1232 sectae,
1553 1149 1731 1214 enarrabili
1748 1161 1860 1213 servat
1876 1147 2149 1297 alipuuscoetuS.
2180 1150 2538 1219 Nosetiamhabemus
2571 1162 2576 1169 '

519 1250 552 1306 et
576 1239 687 1303 omnia
709 1249 805 1304 erant
828 1239 970 1304 turbata.
1555 1256 1728 1313 caussam,
1759 1257 1818 1300 eur
1840 1257 1900 1320 pro
1953 1256 1994 1300 oc
2018 1236 2179 1302 beneficio
2202 1257 2341 1323 agamus
2363 1236 2438 1303 Deo
2460 1260 2536 1326 gra·

1554 1322 1629 1387 tias.
1675 1320 1752 1386 Non
1774 1322 1935 1386 habemus
1958 1318 2186 1388 defensionem
2209 1324 2395 1389 humanam.

1640 1406 1792 1472 Herodes
1822 1428 1887 1472 nou
1921 1419 2000 1472 tunc
2032 1409 2064 1472 id
2097 1412 2237 1495 agebat,
2271 1421 2306 1476 ut
2345 1407 2540 1479 defenderet

1554 1491 1762 1571 Ecclesiam,
1785 1495 1850 1557 imo
1872 1490 1995 1559 multos
2019 1494 2249 1561 interficiebat.
2294 1495 2369 1581 lpse
2390 1519 2458 1564 non
2483 1501 2540 1567 de·

738 1571 820 1655 Ubi
852 1598 949 1682 ergo
981 1582 1069 1654 erat
1094 1566 1297 1653 Ecclesia?
1554 1578 1712 1645 i'eurlebat
1729 1580 1881 1658 lilariam,
1906 1579 2039 1667 loseph,
2062 1595 2096 1646 ct
2117 1580 2253 1647 similes.
2299 1583 2415 1649 Potius
2437 1586 2540 1651 inter·

1246 1720 1250 1728 .
1554 1665 1690 1732 fecisset
1713 1685 1790 1745 eos,
1812 1667 1840 1729 si
1864 1667 1987 1731 ineius
2010 1688 2127 1735 manus
2150 1669 2392 1752 peruenissent.
2437 1670 2539 1738 Prac-

604 1752 699 1818 Deus
731 1754 892 1818 servabat
915 1750 1127 1831 Zachariam,
1160 1751 1366 1832 Simeonem,
1398 1751 1505 1817 Elisa·
1555 1767 1647 1817 terea
1670 1772 1712 1817 va
1737 1754 1880 1817 abamur
1901 1753 1934 1817 in
1957 1751 2079 1818 iudaea
2101 1756 2238 1840 pessimi
2260 1754 2421 1822 homines.
2459 1758 2539 1824 Non

517 1838 610 1918 heth,
631 1840 786 1918 Annam,
808 1835 970 1919 lilariam,
998 1851 1029 1903 ct
1053 1858 1203 1903 sororem
1227 1838 1345 1918 huiuS,
1383 1836 1505 1926 loseph
1555 1838 1686 1904 luerunt
1714 1774 1868 1904 homiues
1905 1839 2089 1904 deteriores
2118 1843 2150 1905 in
2175 1853 2246 1907 tolo
2263 1843 2345 1907 orbe
2363 1856 2540 1924 terrarum,

518 1938 549 1993 et
572 1923 695 1991 multos
723 1923 821 1990 alios.
851 1924 892 1989 lli
916 1935 1010 1990 erant
1033 1926 1197 1990 coniuncti
1220 1922 1505 2005 consessionem·
1556 1922 1723 2012 quantilli
1747 1922 1867 1990 milites
1889 1923 2036 2003 Arabici,
2060 1925 2219 2007 Parthici,
2240 1929 2449 2015 Aegyptiaci,
2473 1929 2539 1995 Ro·

517 2013 706 2093 vocatione,
723 2024 753 2076 et
769 2008 843 2075 aliis
857 2010 986 2076 oliieiis.
1004 2010 1115 2097 Atque
1130 2013 1175 2076 ita
1189 2025 1258 2077 erat
1270 2010 1382 2097 aliqua
1395 2025 1505 2079 tamen
1555 2013 1656 2078 mani.
1700 2011 1760 2076 llis
1783 2012 1874 2077 mixti
1897 2023 1993 2076 erant
2022 2012 2131 2078 ludaei
2154 2014 2351 2097 Apostolus.
2397 2014 2540 2101 Semper

516 2096 682 2165 Ecclesia.
712 2091 823 2163 ¹Sicut
845 2098 900 2162 hic
924 2098 1060 2165 videtis:
1094 2100 1202 2164 statim
1226 2110 1404 2183 postquam
1427 2119 1506 2164 con·
1555 2098 1863 2182 autemApostatae
1881 2109 1958 2163 sunt
1977 2100 2121 2180 pessimi.
2156 2097 2236 2165 lliae
2257 2101 2356 2186 igitur
2378 2099 2539 2186 pulchrae
2568 2146 2578 2186 ·.

518 2207 557 2252 ce
581 2195 634 2248 ms
663 2196 715 2251 est
741 2181 845 2248 Filius
863 2182 926 2248 Dei
950 2186 981 2249 in
1007 2197 1100 2249 utero
1123 2186 1280 2270 virgime,
1309 2187 1374 2249 ista
1396 2186 1506 2273 virgo,
1556 2182 1710 2249 mulieres
1733 2197 1942 2268 praestantes
1965 2181 2082 2268 sonna,
2106 2199 2137 2250 ct
2161 2187 2316 2271 ingeniis,
2339 2189 2539 2274 tegebantur
2637 2237 2639 2240 ψ

518 2205 635 2343 relicta
662 2271 790 2357 patria,
821 2271 912 2335 venit
936 2272 978 2335 ad
1002 2290 1096 2336 suam
1125 2281 1299 2357 cognatam
1328 2269 1504 2335 Elizabeth
1557 2271 1724 2336 diuinitus.
1744 2268 1816 2333 Etsi
1832 2262 2033 2356 appetuntur
2045 2270 2144 2350 tales,
2166 2293 2229 2338 nec
2244 2271 2376 2339 luerunt
2389 2276 2540 2360 ignotae,

517 2378 577 2443 per
598 2355 642 2420 20
664 2356 807 2423 miliaria
828 2353 1037 2441 unpcseriieh.
1074 2356 1159 2422 Num
1182 2358 1345 2422 nostratia
1367 2355 1506 2422 miliaria
1556 2368 1663 2421 tamen
1687 2368 1764 2420 sunt
1781 2356 1950 2441 rleleusae.
1994 2354 2049 2422 Aa
2075 2354 2141 2422 hoe
2163 2358 2347 2444 exemplum
2371 2359 2538 2428 defensio·

520 2444 561 2509 19
582 2440 674 2523 l'unt,
706 2454 740 2508 et
761 2440 933 2529 aliquanto
966 2438 1109 2529 amplius
1132 2464 1151 2513 a
1174 2442 1355 2523 Nazareth,
1389 2441 1505 2509 lliero-
1556 2444 1608 2506 nis
1638 2443 1771 2507 divinae
1801 2442 1971 2531 arliungitc
2001 2440 2067 2508 hoc
2095 2445 2192 2509 etiam
2223 2447 2359 2511 dictum:
2398 2446 2476 2511 Nou
2502 2449 2540 2513 ia

518 2527 679 2618 solymam
703 2548 818 2614 usque.
1557 2524 1727 2608 cumcito,
1748 2547 1812 2594 uon
1841 2532 1874 2592 ia
1901 2529 2037 2605 robora·
2070 2531 2128 2595 sed
2156 2532 2192 2594 iu
2217 2530 2359 2597 Douu'no
2381 2533 2453 2599 Deo
2470 2541 2536 2599 tato.

604 2612 663 2680 ille
694 2626 828 2679 tractus
857 2613 1047 2680 nominatur
1070 2614 1250 2695 dieatuuu,
1285 2616 1362 2701 quia
1385 2615 1505 2682 iudaea
1557 2614 1656 2696 ltem,
1690 2614 1758 2679 Ero
1790 2616 1874 2680 sieut
1906 2633 2020 2681 neumis
2052 2617 2163 2701 ι’φιειιε
2189 2619 2223 2681 iu
2250 2620 2389 2683 circada
2415 2640 2536 2685 eoram.

517 2700 576 2768 fult
600 2703 632 2765 in
655 2698 742 2767 locis
769 2702 946 2765 montanis.
990 2699 1151 2765 Planities
1174 2698 1234 2766 suit
1256 2701 1346 2766 cirea
1363 2702 1506 2766 Saruari·
1556 2701 1630 2765 Vos
1647 2701 1754 2779 scitis,
1772 2711 1921 2787 tempore
1937 2701 2121 2767 obsidionis
2133 2702 2232 2769 huius
2250 2706 2344 2770 urbis
2362 2708 2539 2792 coniugem

517 2808 588 2868 am,
617 2789 651 2852 iu
682 2788 773 2853 tribu
803 2785 971 2872 Ephraim.
1017 2785 1115 2852 Circa
1147 2784 1363 2853 Hierichunta
1384 2808 1505 2853 uersus
1555 2786 1708 2875 hiagistri
1726 2785 1895 2867 Andreae,
1916 2782 2101 2852 matronam
2123 2788 2298 2855 honestam
2321 2802 2355 2856 et
2372 2805 2544 2873 sanctam,¹

518 2874 721 2952 Samariam,
758 2884 790 2937 et
819 2892 942 2939 versus
972 2869 1236 2959 Hierosolymam
1269 2871 1401 2941 suerunt
1429 2871 1505 2940 loca
1555 2873 1715 2940 habuisse
1737 2876 1916 2953 somnium,
1938 2875 1970 2938 in
1995 2894 2061 2958 quo
2084 2876 2164 2941 vidit
2181 2897 2285 2960 supra
2305 2878 2460 2963 oppidum
2482 2879 2545 2944 iri·

517 2972 685 3027 montana.
1556 2960 1649 3041 dem,
1672 2971 1705 3023 et
1726 2959 1835 3025 ileum
1864 2973 2028 3026 tenentem
2050 2958 2141 3027 illam
2165 2962 2297 3041 iridem,
2326 2984 2424 3049 quam
2446 2966 2538 3031 vide·

604 3044 712 3110 illaria
735 3045 848 3131 igitur,
870 3055 905 3109 ut
927 3045 1006 3125 dixi,
1027 3046 1140 3111 statim
1163 3046 1292 3112 accedit
1309 3047 1352 3111 ad
1380 3065 1503 3133 cogna-
1555 3048 1654 3111 batur
1675 3047 1771 3133 quasi
1793 3045 1967 3132 amplexus
1990 3065 2075 3112 esse.
2104 3046 2177 3114 Fuit
2194 3048 2426 3154 significatum,
2446 3051 2538 3137 quod

517 3145 601 3215 tam,
635 3131 734 3197 etad
762 3128 978 3212 Zachariam,
1011 3142 1043 3197 et
1071 3128 1155 3197 alios
1179 3142 1317 3197 sanctos
1339 3133 1503 3216 homines.
1554 3131 1648 3197 Deus
1672 3144 1761 3199 eset
1783 3143 1979 3199 servaturus
2000 3133 2104 3212 istos,
2127 3137 2184 3220 qui
2205 3132 2259 3200 iuc
2280 3147 2385 3214 erant,
2407 3156 2476 3201 non
2499 3137 2536 3203 in

517 3220 564 3285 ibi
596 3219 817 3298 conveniunt,
851 3229 884 3283 et
917 3219 1061 3287 eduntur
1094 3219 1282 3285 testimonia
1310 3218 1351 3285 (le
1385 3239 1504 3287 conce·
1556 3220 1694 3298 robore,
1716 3240 1783 3284 uon
1806 3220 1838 3284 in
1863 3220 2032 3299 exercitu,
2060 3221 2119 3285 sed
2143 3223 2174 3285 iu
2196 3220 2338 3287 Domino
2366 3218 2442 3287 Deo
2464 3232 2535 3288 tuo.

540 3309 630 3372 tione
648 3302 808 3390 hlessiae,
830 3306 950 3390 quibus
974 3316 1006 3372 et
1024 3305 1108 3388 ipsa,
1131 3305 1237 3371 etalii
1255 3305 1503 3375 confirmantur.
1641 3303 1810 3389 Propheta
1833 3306 1877 3371 ibi
1900 3303 2038 3373 clamat:
2067 3305 2137 3371 Ah!
2166 3308 2332 3395 quomodo
2358 3304 2536 3373 defenden-

516 3329 631 3459 hians
655 3401 821 3469 moretur,
844 3390 948 3469 exilit,
969 3389 1059 3458 saltu
1081 3391 1248 3477 significat
1265 3392 1420 3477 gaudium
1438 3392 1504 3479 spi·
1556 3405 1610 3456 tur
1627 3391 1683 3456 isti
1711 3392 1822 3457 miseri
1851 3391 2026 3457 homiues?
2057 3394 2265 3459 advenerant
2291 3414 2334 3459 ex
2359 3391 2582 3482 Babylone„¹

516 3477 645 3545 rituale.
680 3479 758 3564 ipsa
781 3475 1076 3543 materEliuabeth
1095 3479 1196 3542 sentit
1217 3478 1251 3543 iu
1274 3480 1377 3543 corde
1393 3490 1505 3545 motus
1555 3476 1837 3564 Hierosolymam,
1853 3490 1887 3544 et
1902 3499 1971 3545 non
1986 3475 2154 3545 habebant
2172 3479 2282 3549 adhuc
2298 3477 2555 3557 defensionem,¹

517 3563 720 3651 spirituales,
734 3567 821 3627 sicut
838 3564 970 3631 motus?
991 3564 1133 3650 Spiritus
1144 3564 1252 3629 sancti
1266 3585 1345 3630 rere
1358 3566 1505 3629 sentiuu·
1556 3586 1622 3629 non
1644 3562 1813 3631 habebant
1841 3567 1991 3644 moenia,
2025 3585 2081 3629 era
2108 3576 2128 3643 t,
2142 3565 2265 3637 multae
2286 3564 2461 3647 medianas,
2487 3568 2554 3633 in·¹

517 3664 581 3719 tur.
626 3650 740 3716 Timor
762 3647 847 3730 Dei,
884 3647 1012 3715 laetitia
1033 3651 1066 3714 in
1089 3648 1165 3715 Deo
1188 3651 1343 3717 sentitur:
1382 3652 1428 3715 ita
1449 3648 1505 3716 hic
1555 3649 1684 3733 santes,
1718 3671 1829 3716 senes.
1874 3651 1957 3716 Erat
1979 3586 2155 3716 imbeohits
2178 3655 2296 3733 turba,
2322 3652 2421 3723 vicini
2440 3661 2548 3727 eraut,

516 3741 636 3827 iugens
665 3749 789 3815 motus,
816 3736 873 3822 qni
904 3736 1016 3801 debuit
1044 3757 1122 3802 esse
1148 3737 1369 3804 testimonium
1399 3738 1441 3802 de
1467 3757 1505 3801 re
1527 3702 1533 3793 1
1556 3740 1605 3804 eis
1627 3734 1755 3817 infesti,
1783 3738 1985 3803 exercebant
2007 3734 2197 3817 latrocinia,
2230 3737 2387 3813 nolebant
2407 3738 2536 3805 restitui
2578 3806 2582 3811 ,

518 3828 662 3893 οιιιηὶιιιιι
686 3823 846 3901 maxima,
868 3820 971 3888 multo
994 3824 1101 3911 magis
1123 3826 1274 3888 sentitur.
1308 3824 1431 3888 Postea
1452 3842 1504 3889 re·
1555 3820 1837 3909 Hierosolymam:
1871 3825 1949 3910 quia
1977 3826 2167 3890 metuebant
2195 3845 2233 3890 se
2256 3822 2376 3910 expelli
2395 3846 2437 3891 ex
2457 3845 2537 3910 pos·
2575 3878 2581 3895 .

518 3914 663 3998 spondet
684 3907 770 3976 alius
794 3920 906 3974 motus
928 3911 961 3973 in
984 3908 1092 3976 Maria
1114 3910 1254 3997 virgine,
1293 3932 1367 3976 cum
1401 3911 1502 3974 canit:
1555 3911 1777 3987 sessionibus,
1800 3931 1883 3995 quas
1906 3921 2168 3994 occupaverant3
2199 3923 2232 3977 et
2253 3932 2339 3996 opus
2362 3923 2416 3978 est
2436 3911 2537 3996 impa-
2570 3940 2576 3945 ·

518 3997 715 4085 hlupnificat
743 3997 854 4061 unium
880 4017 949 4061 meo
985 3994 1169 4063 Dominum.
1231 3994 1382 4061 Eduntur
1408 3997 1505 4100 quasi
1556 3997 1657 4077 ditum
1688 3994 1800 4061 multis
1833 3997 2002 4081 practicis
2047 3995 2131 4061 Petit
2167 4019 2249 4084 ergo
2283 3997 2468 4083 Propheta,
2502 4008 2537 4061 ut

517 4086 693 4173 pervices
717 4083 921 4160 testimonia,
944 4083 975 4146 in
998 4079 1056 4147 iila
1079 4084 1195 4147 domo:
1222 4080 1330 4148 hieria
1352 4083 1443 4148 audit
1461 4084 1504 4148 de
1554 4082 1650 4147 Deus
1674 4080 1828 4161 defendar
1853 4078 2022 4168 populum.
2056 4082 2250 4168 Respondet
2272 4081 2384 4149 Deus:
2407 4082 2487 4148 Non
2503 4086 2555 4151 ia.

519 4172 738 4256 conceptione
774 4167 948 4234 iohannis:
983 4165 1158 4234 Elizaireth
1192 4170 1256 4233 iam
1290 4181 1361 4235 erat
1393 4171 1504 4235 vicina
1526 4122 1533 4225 Ι
1553 4169 1690 4247 robore,
1722 4188 1786 4233 nou
1811 4172 1846 4233 iu
1870 4170 2024 4233 ‹uu-citu.
2070 4169 2142 4234 Hoc
2165 4171 2287 4243 dictum
2304 4171 2539 4253 considerato,

517 4259 641 4345 partui:
679 4256 785 4320 Maria
819 4267 931 4320 manet
955 4276 973 4318 a
998 4255 1042 4321 ud
1066 4276 1155 4333 eanr,
1187 4275 1295 4341 usque
1317 4256 1358 4320 ad
1381 4277 1503 4320 nonum
1527 4228 1531 4349 l
1556 4256 1808 4342 cogitantesulc
1831 4252 1895 4320 hac
1917 4254 2066 4321 historia.

517 4365 686 4422 mensem,
721 4362 789 4428 quo
818 4275 997 4406 ElizabethJ
1021 4343 1158 4427 peperit.
1203 4339 1328 4407 lllausit
1350 4345 1434 4407 eninr
1459 4342 1532 4437 ibi,
1641 4341 1707 4407 lsta
1730 4338 1841 4427 puella
1864 4338 1945 4409 iacit
1967 4342 2030 4405 iter
2051 4342 2083 4405 iu
2108 4341 2279 4420 iudaeam,
2304 4355 2336 4407 et
2358 4358 2468 4409 manet
2491 4341 2536 4413 ibi
2577 4410 2580 4415 ,

517 4443 586 4496 tres
609 4435 745 4495 menses
768 4439 869 4493 totos.
917 4426 1070 4494 Christus
1094 4440 1147 4493 est
1169 4442 1352 4512 conceptus
1374 4429 1425 4495 25.
1450 4431 1503 4511 dic
1527 4478 1531 4525 Ι
1556 4444 1625 4494 tres
1649 4450 1800 4505 meuses,
1834 4440 1867 4493 et
1888 4426 1999 4493 foetus
2022 4428 2085 4491 iarn
2107 4443 2177 4494 erat
2200 4430 2296 4494 trium
2319 4431 2480 4495 mensium
2503 4429 2536 4493 in

518 4518 642 4582 mensis
655 4514 780 4592 hlartii,
803 4525 835 4578 ct
852 4526 931 4579 tuuc
951 4510 1011 4578 iuit
1029 4514 1171 4579 vicinum
1189 4525 1253 4580 tem
1279 4514 1502 4581 usPasehati.
1554 4529 1658 4582 utero.
1691 4515 1786 4581 Deus
1808 4528 1919 4581 tamen
1943 4514 2021 4578 texit
2044 4534 2129 4591 eam,
2153 4517 2218 4583 alas
2237 4517 2311 4581 siaul
2329 4516 2403 4579 etret
2420 4533 2538 4598 prosse

517 4604 635 4669 Statim
670 4613 749 4687 post
791 4603 1044 4684 conceptionem
1080 4602 1151 4686 ipsa
1190 4537 1341 4686 profecta
1376 4613 1429 4666 est
1460 4602 1502 4665 ad
1557 4598 1726 4679 miracula,
1744 4621 1829 4687 quae
1846 4600 1952 4665 illaria
1970 4602 2064 4664 etiam
2083 4597 2230 4665 celebrat
2249 4603 2280 4665 in
2299 4621 2362 4665 suo
2381 4599 2537 4665 Canticor

517 4711 611 4755 sunm
636 4701 828 4773 cognatam.
851 4687 893 4750 ad
913 4684 1064 4764 Pascha,
1098 4689 1172 4773 quia
1196 4685 1255 4753 suit
1278 4688 1434 4769 usitatum
1456 4689 1505 4752 ire
1555 4687 1655 4753 Deus,
1669 4683 1861 4753 mirabiliter
1883 4706 1946 4751 nos
1971 4688 2066 4769 tegit,
2101 4699 2133 4751 et
2160 4701 2279 4759 serrat
2303 4690 2334 4751 iu
2368 4684 2536 4769 Ecclesia:

517 4776 669 4841 homines
693 4775 735 4837 ad
760 4770 904 4837 Pascha.
1556 4773 1633 4859 quia
1656 4774 1782 4848 omnia,
1804 4792 1891 4856 quae
1913 4773 1990 4836 dicit
2013 4773 2130 4852 hieria,
2153 4773 2281 4841 dehetis
2303 4769 2539 4843 uniuersaliter

605 4860 751 4948 Dignum
775 4872 827 4922 est
850 4870 960 4925 autem
985 4856 1134 4945 diligenti
1163 4860 1430 4925 consideratione
1455 4869 1505 4924 et·
1556 4861 1597 4924 de
1620 4854 1856 4927 totoEcciesia
1878 4856 2074 4945 intelligere.
2116 4858 2224 4931 ,illaria
2246 4879 2378 4944 seuper
2402 4877 2575 4942 repam,

517 4954 580 5014 iam
601 4949 668 5013 hoe
686 4930 739 5011 ru'a‘
788 4968 841 5025 um
860 4942 1067 5029 miraculum,
1090 4946 1179 5051 quod
1197 4966 1298 5031 saepe
1317 4947 1505 5030 repetimus.
1527 4988 1532 5063 p
1556 4958 1668 5015 sentat
1688 4943 1886 5011 Ecclesiam.

517 5036 647 5099 Videtis
666 5031 720 5097 hic
773 5029 930 5097 eclesiam
955 5033 1114 5098 custodiri
1132 5030 1237 5097 aDeu
1261 5034 1349 5098 iuxta
1368 5032 1506 5109 dietum:
1641 5030 1834 5105 Recitantur
1861 5044 1971 5101 autem
1993 5031 2079 5110 ista,
2110 5031 2304 5117 quiailcus
2326 5027 2397 5097 uult
2420 5042 2539 5095 extare
2581 5090 2585 5095 .

518 5119 743 5205 Parauaea
766 5140 836 5184 mco
857 5120 891 5184 iu
914 5139 972 5184 ore
993 5126 1066 5196 tuo,
1096 5126 1127 5183 ei
1153 5118 1275 5184 deutra
1301 5140 1371 5184 mea
1391 5126 1511 5223 profes
1556 5119 1741 5191 testiumnia
1763 5120 1805 5183 de
1827 5118 1905 5189 suis,
1921 5116 2198 5201 prateiaetiouihus
2220 5120 2252 5183 iu
2277 5117 2443 5197 Ecclesia,
2466 5113 2543 5182 vuit
2580 5144 2587 5187 ,ι

514 5231 589 5294 pum
615 5217 656 5286 ie,
678 5214 714 5270 ιιι
735 5207 865 5290 pinales
890 5207 1006 5273 coelos.
1052 5206 1099 5269 lbi
1126 5201 1273 5292 loquitur
1299 5226 1365 5271 vox
1395 5205 1504 5271 diurna
1555 5205 1783 5271 consociatam
1805 5224 1882 5269 esse
1905 5201 2103 5283 Ecclesiam,
2125 5217 2161 5271 ut
2183 5206 2302 5277 dicitur
2324 5205 2358 5269 iu
2380 5201 2539 5267 Psnlnro:

518 5297 559 5360 dc
583 5305 653 5359 toto
677 5292 876 5371 ministerio,
907 5294 949 5357 de
972 5293 1151 5369 ministris,
1179 5303 1210 5357 ei
1232 5293 1274 5365 de
1296 5288 1435 5377 populo.
1461 5290 1503 5356 Si
1555 5291 1759 5361 Hierusalem
1781 5293 2031 5378 oedip'carurur
2054 5291 2585 5374 civiles,ouiuapauiie1patio..

517 5394 631 5469 serrat
661 5380 896 5460 ministerium,
927 5392 1051 5461 servat,
1073 5378 1172 5443 etiam
1190 5375 1335 5464 aliquem
1362 5388 1502 5445 coetum.
1554 5380 1589 5440 iu
1610 5378 1646 5441 id
1668 5379 1788 5461 ipsuum
1822 5399 1890 5443 rous
1915 5380 1958 5447 iat
1983 5378 2119 5463 per-eriri
2140 5379 2173 5442 tu
2191 5391 2255 5455 est,
2277 5391 2433 5462 quaeest
2457 5396 2546 5447 coru¹
2579 5394 2586 5453 ς

515 5468 612 5535 Deus
641 5462 714 5535 ruit
737 5487 874 5539 securare
901 5486 1010 5553 genus
1030 5465 1367 5551 humanpru‚propter
1388 5460 1505 5537 Eocle
1557 5464 1684 5545 sociata
1700 5465 1733 5544 iu
1752 5465 1784 5531 id
1806 5465 1933 5548 ipsum,
1956 5465 2021 5541 hoc
2042 5476 2104 5545 est,
2126 5460 2582 5535 simul..1›eusvu1uesse.·

516 5557 615 5634 siam:
653 5550 811 5621 Ecclesia
839 5565 996 5619 servatur
1028 5552 1210 5638 ingerere
1241 5549 1405 5629 humano,
1437 5570 1507 5617 non
1558 5551 1851 5631 consociationem.
1880 5550 1980 5626 aaa
2006 5552 2150 5628 desude-
2180 5552 2460 5636 couprapaiiouem
2484 5570 2542 5625 ue·
2561 5594 2576 5617 .·

515 5640 646 5731 halreps
670 5632 897 5733 defensionem
922 5636 1080 5725 aliquam,
1144 5692 1223 5723 1.,
1265 5692 1267 5697 .
1345 5675 1347 5679 -
1456 5684 1460 5691 .
1490 5681 1536 5719 „9¹
1557 5643 1674 5717 struat,
1704 5634 2259 5731 iuquit,Epistolapadliebraeuar
2299 5636 2414 5716 Scitis,
2447 5634 2588 5723 quieti-ui
