5934 6709
491 690 535 760 ar
768 650 770 657 ’
1129 693 1241 761 rnre.
1264 690 1369 762 uua.
1391 692 1581 787 scema
1602 632 1869 761 murreus
2100 718 2105 726 ·
2458 698 2509 770 m

492 899 675 967 superesse
706 881 897 948 credebant
945 878 1111 948 Dicebant
1133 869 1298 948 hominem
1317 881 1403 948 mori
1423 881 1473 946 in·
1524 883 1572 948 vlt
1592 882 1656 948 sibi
1683 879 1860 949 Ecclesiae
1880 879 2050 971 reliquias,
2073 860 2282 967 Zachariam,
2304 883 2508 972 Simeonem,
2576 962 2581 973 Ι

491 979 565 1118 gtplr
583 967 752 1118 ⁹⁶⁹⁹le
769 979 803 1034 et
825 965 930 1118 simpl
957 966 1260 1121 iffimbssoenim
1281 978 1315 1031 et
1335 986 1471 1071 corpus.
1523 967 1662 1119 lospph,
1692 965 1881 1118 llillizpbetbi,
1912 968 2054 1075 Annam,
2088 970 2239 1121 llam,
2269 982 2305 1036 et
2325 969 2508 1077 similene

488 1064 694 1225 nibai
737 1064 1139 1226 triturata„
1159 1158 1177 1202 a
1201 1071 1296 1204 td
1310 1064 1471 1205 {time
1522 1066 2273 1222 ttiretttddztdttdatafi
2291 1058 2508 1230 ’ἑῖἒέὲζῖ

491 1245 567 1303 nos,
587 1227 661 1293 sive
681 1223 801 1292 malos.
843 1226 881 1290 ln
901 1245 1030 1292 samma
1050 1235 1145 1293 erant
1194 1225 1353 1309 picuraei,
1380 1236 1413 1288 et
1435 1223 1471 1289 in
1522 1225 1707 1292 doctrinam
1730 1227 1772 1290 de
1792 1222 1929 1290 Massia

490 1311 682 1378 uuiversum
714 1309 877 1378 tollebant
902 1310 1071 1396 propritim
1099 1308 1246 1377 officium
1267 1308 1416 1376 Messias
1435 1309 1470 1374 in
1608 1307 1680 1375 'l'ali
1702 1331 1721 1376 e
1795 1321 1968 1395 tempore,
1990 1331 2066 1377 cum
2088 1309 2175 1378 tales
2196 1323 2312 1378 essent
2332 1316 2504 1400 tenebrae,

490 1393 639 1461 tollenda
660 1409 786 1475 morte,
817 1407 976 1482 peccato,
1001 1407 1036 1463 ct
1056 1396 1265 1462 restituenda
1292 1395 1416 1462 iustitia
1437 1405 1470 1461 et
1521 1393 1598 1462 talis
1621 1392 1787 1477 confusio,
1818 1398 1943 1462 missus
1967 1409 2020 1462 est
2047 1397 2226 1477 lohannes,
2258 1410 2296 1465 ut
2326 1412 2420 1468 esset
2449 1423 2505 1469 ra·

490 1482 557 1546 vita
601 1493 747 1567 erpetua.
1520 1493 1682 1568 purgator
1721 1476 1902 1549 doctrilrae.
1968 1482 2061 1553 llaec
2099 1486 2334 1550 consideratio·
2361 1486 2503 1555 circnm-

426 1643 428 1645 ,
573 1503 692 1632 Essaei
725 1569 896 1646 dicuntur,
935 1569 979 1632 ab
1012 1565 1200 1651 operando,
1233 1566 1332 1652 qnasi
1364 1565 1470 1645 dicas,
1520 1569 1662 1635 stantiae
1684 1570 1855 1654 temporis,
1876 1567 2022 1635 illustrat
2042 1567 2114 1649 illa,
2131 1591 2219 1657 qaae
2236 1582 2337 1647 antea
2358 1573 2436 1651 dixi,
2459 1576 2504 1645 da

487 1661 651 1732 operarii:
693 1654 781 1739 quria,
819 1673 894 1717 cum
925 1654 1079 1718 siderent
1109 1651 1315 1719 Pharisaeos
1347 1664 1380 1718 et
1412 1656 1470 1718 Sa·
1519 1654 1668 1720 mirando
1690 1652 1754 1719 Dei
1776 1673 1890 1738 opere,
1912 1656 2053 1722 subinde
2072 1658 2285 1743 repurgantis
2296 1656 2500 1726 Ecclesiam:

487 1738 633 1803 ducaeos
654 1751 784 1804 certare
806 1739 892 1803 inter
914 1757 952 1802 se
974 1736 1070 1816 odiis,
1092 1747 1125 1801 et
1145 1734 1242 1801 malis
1264 1736 1404 1815 artibus,
1434 1749 1468 1803 et
1518 1738 1561 1805 Et
1582 1737 1685 1804 rnulta
1706 1750 1818 1805 monet
1840 1741 1882 1806 de
1893 1739 2059 1820 Ecclesia,
2082 1741 2189 1827 qualis
2211 1744 2308 1808 sitin
2330 1741 2396 1810 luae
2418 1747 2501 1829 vita,

488 1837 595 1888 tamen
624 1825 770 1889 tribuere
800 1825 864 1888 sibi
896 1825 1031 1927 nomina
1050 1820 1313 1926 ,honestissimm
1346 1822 1466 1908 quibus
1518 1824 1677 1930 videlicet·
1694 1833 1811 1892 coetus
1832 1828 1985 1914 exiguus,
2008 1828 2037 1892 si
2059 1825 2251 1895 conseretur
2272 1830 2316 1893 ad
2336 1828 2503 1916 reliquam

485 1907 1467 2079 23¹¹,rtttf'd‘3ditttf'iietidtidtdtittit‘t
1516 1907 2503 2106 tdgtidtdd‘ttitttd,‘tintinnabant'

486 2081 720 2168 arrogantibus
730 2080 924 2146 Pharisaeis
943 2092 980 2146 et
991 2078 1210 2146 Sadducaeis.
1240 2075 1466 2145 Conferebant
1517 2095 1551 2150 et
1573 2103 1720 2164 errores,
1740 2105 1808 2150 nou
1830 2096 1910 2152 sunt
1930 2105 2012 2152 vera
2032 2082 2193 2152 Ecclesia

485 2167 585 2252 igitur
617 2186 672 2231 res
704 2186 787 2231 suas
825 2167 859 2230 in
892 2184 1081 2239 comrnunc;
1118 2166 1299 2231 studebant
1329 2165 1465 2232 vincere

397 2306 401 2315 .
487 2262 640 2317 caeteros
662 2253 790 2318 ieiuniis
812 2263 845 2317 et
866 2250 1097 2338 eleemosynis.
1142 2249 1247 2316 Erant
1269 2251 1367 2317 vicini
1388 2248 1465 2315 hor·

484 2338 525 2400 tis
558 2335 724 2413 Balsami3
756 2340 932 2417 serebant,
965 2334 1178 2424 plantabant,
1211 2335 1465 2403 benefaciebant
1735 2399 1744 2415 ,
2054 2400 2063 2417 ,
2567 2399 2586 2415 ,,

483 2421 612 2499 mulam
632 2425 723 2487 ibant
745 2424 777 2487 tn
800 2426 909 2489 vicina
932 2424 1070 2509 oppida,
1097 2424 1299 2489 exercebam
1319 2423 1463 2509 mediea-
1568 2396 1813 2482 Doctrrna
1853 2397 2093 2484 Iohannrs
2123 2428 2250 2511 quae
2280 2400 2449 2485 suerit.

481 2509 614 2585 tionem,
636 2507 806 2575 habebant
826 2529 909 2576 suos
932 2520 1131 2587 conuentus,
1153 2518 1188 2575 et
1203 2519 1353 2592 tempora
1369 2519 1464 2575 certe

481 2596 718 2678 Psssffltlfflum·
1597 2627 1781 2697 Videamus
1802 2631 1903 2717 igitur
1925 2631 2110 2700 doctrinam
2131 2629 2307 2718 lobannis,
2334 2634 2390 2722 qui
2425 2632 2495 2703 cla·

566 2681 630 2746 Sed
652 2680 829 2765 P⁸¹¹⁰l⁰¹⁰⁸
850 2677 985 2745 summ
1005 2678 1083 2745 Μὴ
1104 2689 1220 2749 ⁵⁰⁰u¹⁰
1239 2678 1376 2757 “ddlffl’
1397 2698 1463 2744 ¹¹⁶⁰
1511 2715 1591 2781 riori
1623 2716 1882 2802 reprehensione
1921 2718 2089 2785 mutuavit
2120 2738 2272 2799 errores,
2305 2741 2405 2807 quam
2437 2721 2495 2806 qui

480 2766 682 2848 appetebant
713 2765 747 2830 lui
781 2766 1074 2851 gubernationem,
1105 2764 1193 2829 stam
1224 2763 1396 2830 Pharisaei
1428 2776 1463 2829 et
1511 2812 1589 2867 ame
1619 2800 1727 2867 {sum
1759 2801 1888 2889 aliquo,
1920 2801 2065 2870 saeculis
2098 2798 2248 2885 summ,
2278 2816 2321 2872 ,οἱ
2351 2803 2494 2875 mmm
2525 2806 2527 2810 ’

478 2851 758 3022 tetrafita
777 2851 1463 3021 teneraetenerae:
1670 2883 1860 2974 aare
2023 2886 2221 2958 eoo

477 3034 618 3108 partem,
649 3023 762 3089 modo·
780 3024 825 3088 ad
856 3020 959 3088 illam.
1002 3021 1085 3088 inde
1116 3033 1212 3087 ortae
1233 3032 1312 3088 sunt
1332 3020 1461 3087 dissen-

476 3111 591 3175 sionas
613 3105 779 3193 publicae,
799 3120 841 3174 et
870 3104 971 3175 bella.
1014 3106 1215 3212 Pugnabant
1242 3109 1285 3174 de
1310 3108 1461 3191 potanda

333 3237 337 3245 .
476 3215 555 3275 sua,
587 3196 630 3260 de
651 3196 814 3281 dignitate
834 3205 869 3261 et
890 3190 1009 3260 farore
1030 3191 1240 3278 Pnncipum,
1262 3193 1306 3258 de
1351 3191 1458 3257 ontili·
1725 3215 1836 3321 Quid
1867 3217 2008 3305 docuit
2036 3219 2263 3307 Iohannes?

475 3292 564 3347 cetu.
615 3278 831 3347 Gerebantur
855 3299 896 3345 se
924 3290 1078 3347 evertere
1099 3290 1232 3358 mutuo,
1256 3290 1307 3371 ut
1356 3277 1458 3343 citurr

474 3368 620 3451 mata
646 3369 864 3433 nistdeaoret
888 3375 1087 3450 repentens,
1113 3367 1375 3447 noafitdrcco.
1419 3362 1458 3430 Si

474 3453 549 3537 quis
571 3450 644 3518 vult
664 3452 736 3517 fieri
753 3471 908 3538 unguas,
930 3462 965 3518 et
984 3451 1100 3517 metuit
1119 3449 1185 3514 sibi
1205 3451 1249 3516 eb
1272 3447 1360 3528 aliis,
1381 3468 1456 3515 eum
1594 3449 1712 3517 Sonuit
1732 3450 1871 3518 eandam
1894 3451 2090 3531 doctrinam,
2110 3472 2211 3538 quarn
2231 3472 2332 3530 nunc,
2352 3451 2417 3519 Dei
2433 3453 2479 3520 be

474 3549 605 3687 oporpet
625 3536 918 3687 multist'plrlacgcip
939 3536 1070 3687 llis&
1088 3535 1331 3688 grnpeiljiendrps,
1352 3533 1457 3685 Ἧι
1507 3534 1641 3615 neficio,
1662 3538 1782 3641 auditis
1815 3537 1850 3686 ip
1878 3538 2005 3687 nosrtpits
2032 3535 2212 3603 Ecclesiis.
2245 3538 2428 3686 ξηρπανίι
2441 3536 2492 3689 lle-

1030 3665 1040 3686 .
1112 3641 1143 3684 ro
1779 3642 1800 3685 o
2044 3643 2062 3685 r
2477 3659 2491 3676 ·

473 3640 743 3775 ¹llamla:ulldrillrls=
755 3644 775 3688 ⁰
786 3640 852 3776 Esar:
870 3643 956 3775 ‘lna
982 3709 1164 3774 dominibus
1184 3641 1455 3792 eselllaaffpentea,
1507 3623 2256 3814 {ffffgnfflnssessfagplypfflffiffigffiaeffi
2277 3642 2345 3773 nlla
2355 3643 2492 3778 lalllturlr

472 3798 537 3861 eibi
556 3798 638 3878 ipsis
664 3801 806 3878 operae
849 3792 887 3858 ld
918 3804 982 3874 est,
1016 3793 1178 3859 Oratores
1209 3813 1280 3858 non
1310 3802 1456 3878 parcunt
1505 3793 1654 3878 praecipi
1676 3803 1846 3858 externam
1869 3792 2088 3879 disciplinam,
2110 3802 2197 3860 sreut
2208 3793 2381 3860 Pharisaei
2401 3814 2491 3861 sonu·

473 3878 547 3944 aliis
569 3879 773 3959 hominibus,
806 3890 840 3946 et
869 3898 909 3944 se
940 3891 1055 3945 mutuo
1087 3888 1250 3944 evertunt.
1293 3875 1386 3945 ldcrn
1417 3875 1456 3942 fit
1506 3880 1661 3957 niabant,
1688 3879 1750 3943 sed
1773 3878 1921 3943 damnari
1943 3890 2119 3965 peccatum
2140 3880 2173 3944 in
2195 3890 2267 3944 tote
2287 3889 2408 3946 natura
2429 3879 2490 3948 hu·

473 3967 558 4030 inter
591 3968 772 4044 doctores,
804 3966 938 4051 quando
971 3977 1050 4030 sunt
1082 3965 1235 4028 distracti
1263 3965 1296 4028 in
1329 3976 1454 4029 sectas.
1506 3983 1615 4029 mana.
1658 3963 1844 4030 Accusavit
1874 3983 1958 4051 arpo
1990 3984 2118 4044 ornnes,
2151 3966 2250 4030 etiam
2276 3963 2492 4053 Pharisaeos,

471 4053 517 4116 At
541 4073 584 4117 ue
610 4053 738 4117 utinam
767 4052 866 4117 hodie
894 4070 963 4115 non
990 4068 1203 4116 cerneremus
1240 4046 1393 4135 exempla
1419 4048 1454 4114 in
1505 4051 1562 4136 qui
1594 4047 1753 4115 volebant
1785 4049 1890 4114 videri
1921 4047 2082 4137 religiosi.
2144 4050 2224 4116 ltern
2256 4051 2489 4132 Sadducaeos,

472 4159 504 4203 m
541 4141 583 4202 tis
606 4136 916 4204 concionatoribus!
1529 4136 1562 4200 ui
1584 4136 1823 4219 superbiebant
1850 4132 1947 4200 titolo
1976 4136 2137 4202 iustitiae:
2169 4137 2247 4202 ideo
2268 4157 2344 4200 cnm
2365 4134 2490 4207 multos

559 4223 696 4291 Praeter
723 4225 786 4289 has
813 4234 947 4301 sectas,
971 4231 1067 4289 erant
1087 4217 1211 4286 multae
1234 4218 1319 4287 aliae
1340 4231 1455 4287 sectae
1505 4158 1764 4286 Pharisaeorum
1796 4233 1830 4286 et
1861 4219 2133 4287 Sadducaeorum
2165 4223 2209 4289 ad
2242 4241 2282 4287 se
2315 4224 2490 4288 venientes

473 4312 505 4373 in
527 4310 593 4375 isto
615 4309 760 4396 populo,
788 4329 874 4396 ques
898 4327 989 4374 nunc
1009 4327 1077 4372 non
1097 4326 1266 4372 enumero.
1309 4305 1454 4392 Epipha-
1504 4307 1606 4386 videt,
1627 4307 1680 4372 his
1702 4307 1817 4372 verbis
1838 4326 1902 4372 eos
1924 4318 2064 4373 accuset
2085 4307 2166 4374 lanc.
2190 4307 2222 4373 3.
2246 4310 2424 4390 Proposita
2444 4315 2492 4374 at·

471 4396 546 4462 nius
568 4415 628 4460 aas
654 4409 820 4461 recenset.
861 4391 956 4459 Multi
978 4405 1090 4459 autem
1111 4404 1205 4457 erant
1225 4390 1325 4479 plane
1347 4389 1454 4467 ἅθεοις
1498 4411 1667 4478 perrarum,
1700 4399 1773 4474 qrria
1793 4397 1937 4459 ostem
1955 4396 2044 4460 codic
2058 4391 2179 4475 tepere
2203 4414 2225 4458 o
2245 4402 2383 4459 ceurae
2414 4390 2491 4460 irati
2523 4468 2527 4477 ‚

471 4481 728 4545 contemnebant
749 4501 879 4545 omnem
903 4477 1096 4564 religionem
1118 4475 1295 4544 iudaicam.
1340 4476 1454 4563 Aliqui
1503 4481 1615 4546 Facite
1635 4497 1714 4563 erpo
1732 4483 1866 4561 [nactur
1886 4483 2002 4561 dtpnoa
2019 4486 2245 4563 poenitentiae.
2288 4482 2332 4545 Et
2352 4499 2393 4544 ae
2412 4483 2490 4546 eeli-

471 4566 680 4632 lluetuabent
700 4567 786 4631 inter
808 4576 857 4631 tot
873 4565 1128 4650 disputationes,
1151 4566 1238 4629 sieut
1249 4563 1297 4643 tit,
1318 4566 1452 4650 quando
1504 4571 1547 4633 tis
1567 4567 1678 4632 diem
1697 4565 1786 4630 intro
1806 4583 1864 4631 oca
1884 4572 1989 4646 ipsos:
2020 4558 2150 4633 eoban
2165 4567 2317 4630 tatem
2327 4567 2490 4632 dorm

471 4663 585 4719 sectae
606 4653 774 4730 oriuntur,
805 4661 863 4717 aut
885 4650 1114 4715 dissensiones
1135 4651 1300 4716 exsistunt
1321 4650 1363 4715 de
1395 4650 1453 4714 do·-
1503 4660 1563 4718 etc.
1597 4649 1656 4715 Sic
1677 4650 1821 4715 caeteris
1843 4651 1998 4714 omnibus
2020 4650 2120 4715 dixit:
2146 4651 2489 4734 ammanuensium.

471 4739 594 4803 ctrina:
615 4739 661 4804 ibi
683 4757 754 4803 sem
800 4747 923 4816 rsunt,
955 4735 1012 4823 qui
1033 4733 1090 4799 vel
1110 4756 1242 4802 ornnem
1270 4734 1454 4803 decenam
1503 4736 1639 4801 Addidit
1671 4737 1778 4801 ruinas
1810 4734 1854 4797 de
1884 4734 2022 4819 poenis,
2054 4754 2140 4819 quae
2172 4749 2251 4801 sunt
2283 4737 2490 4820 appendices

473 4833 698 4903 contemnunt,
719 4845 761 4888 ve
796 4833 875 4887 sunt
896 4819 1075 4887 neutrales.
1503 4820 1600 4909 legis.
1644 4825 1715 4888 Iam
1741 4822 1870 4885 acereta
1894 4823 2273 4889 carmentariorum
2291 4829 2400 4902 poeno
2420 4832 2490 4890 eat:

556 4907 683 4996 Magna
725 4911 825 4974 etiarn
868 4909 1002 4973 miseria
1049 4905 1111 4972 fuit
1148 4902 1238 4970 illius
1277 4908 1454 4990 temporis;
1508 4911 1619 4975 Omnia
1639 4927 1717 4990 cryc
1736 4907 1852 4987 arbor,
1883 4925 1967 4988 quae
1993 4927 2059 4974 non
2081 4902 2167 4989 tecit
2195 4915 2341 4991 fntcbtm
2362 4911 2489 4990 boman,

472 4996 605 5080 qundo
644 5008 782 5080 propter
819 4994 1001 5059 certamina
1038 4992 1222 5077 principum
1257 4992 1453 5074 domestica,
1503 4996 1684 5073 excidetur,
1707 4999 1740 5058 et
1760 4992 1923 5073 traicerem
1944 4999 2100 5058 mittebar.

471 5082 602 5144 attracti
624 5078 758 5146 fuerunt
767 5079 920 5160 Romani,
943 5091 976 5144 et
986 5077 1138 5143 Herodes
1163 5076 1324 5143 beneficio
1339 5098 1453 5144 eorum
1589 5078 1714 5144 Herodi
1735 5077 1829 5142 dicit:
1864 5081 1937 5145 Non
1962 5080 2040 5145 lt'cet
2062 5079 2122 5145 riba·
2141 5099 2279 5146 amorem
2294 5075 2420 5163 tratre
2439 5088 2491 5146 aa

472 5177 674 5232 consecutus
707 5178 761 5231 est
789 5187 939 5252 regnum.
984 5164 1048 5229 llic
1078 5165 1165 5229 iuter
1196 5176 1331 5229 caetera
1361 5161 1454 5229 facta
1501 5164 1634 5231 belm·
2110 5210 2114 5219 -

472 5249 642 5329 crudelia,
676 5249 846 5318 deleverat
876 5253 1089 5336 praecipuum
1122 5247 1296 5315 consilium
1327 5247 1453 5336 populi,
1588 5249 1737 5328 Deinde,
1759 5250 1838 5333 quin
1858 5269 1927 5314 non
1949 5251 2032 5314 satis
2054 5262 2107 5313 est
2128 5251 2279 5336 cogitare
2301 5250 2489 5318 doctrinata

472 5340 561 5424 quod
584 5339 778 5419 vocabatur,
796 5340 995 5404 ‘Sunaedrm
1503 5337 1545 5401 de
1566 5336 1766 5421 poenitentia
1788 5335 1862 5400 sine
1878 5331 2063 5419 Evangelio
2085 5336 2128 5399 de
2148 5336 2345 5401 remissione
2366 5355 2487 5420 pecca·

558 5423 627 5488 Sed
638 5445 836 5511 quamquam
853 5443 975 5509 magna
996 5432 1104 5486 erato
1128 5422 1273 5487 inionem
1290 5419 1454 5501 confusio,
1489 5435 1612 5487 torum
1640 5430 1732 5500 (nem
1751 5422 1957 5505 poenitentia
1983 5421 2055 5484 sine
2079 5417 2308 5515 consolatione
2330 5422 2488 5487 irascitur
2516 5470 2520 5475 -

472 5521 506 5575 et
536 5512 680 5578 maxima
711 5509 886 5576 multitudo
918 5519 991 5573 erat
1015 5443 1207 5593 proplena,
1240 5519 1275 5572 et
1301 5508 1454 5573 Herodes
1502 5507 1590 5587 Deo,
1623 5519 1656 5572 et
1687 5506 1771 5592 fugit
1802 5504 1928 5591 Deum)
1961 5503 2146 5572 clarissime
2177 5508 2291 5574 docuit
2318 5506 2488 5573 lohannes

472 5598 693 5682 grassabatur
714 5597 860 5663 assiduis
884 5595 1059 5672 caedibus,
1091 5603 1204 5659 nmen
1220 5590 1316 5659 Deus
1337 5613 1454 5689 serra·
1502 5589 1742 5682 Evangelium,
1784 5602 1972 5673 mautrato
2004 5590 2152 5670 Christo,
2189 5594 2234 5659 de
2265 5612 2332 5680 qao
2364 5593 2488 5679 inquit:
