5934 6709
1110 695 1227 765 Pllllt.
1248 695 1354 765 effu.
1374 694 1565 767 SCRlP'l'A
1587 692 1851 765 exeomca

645 898 781 1001 Quare
812 898 890 981 ista
920 894 1127 1009 praedicta
1159 892 1278 977 sunt?

561 1082 777 1166 Respondeo.
820 1080 984 1159 Primum,
1014 1079 1091 1165 qula
1113 1088 1246 1163 oportet
1266 1073 1456 1141 Ecclesiam

475 1172 565 1236 seire
587 1169 687 1234 linem
708 1167 916 1232 ntiaeriaram
944 1163 1043 1230 lectius
1071 1164 1200 1243 mutuli,
1228 1164 1317 1248 quod
1341 1163 1386 1227 sit
1407 1132 1488 1263 ιιι-Ι
1596 1144 1749 1210 ΗΟΜΜ
1784 1162 1870 1228 lm

2427 688 2498 765 ⁹12

1511 906 1609 952 nona
1658 897 1706 964 ut,
1727 897 1765 952 ιιι
1780 883 1986 951 constituant
2000 878 2144 969 aliquem
2160 860 2337 968 puloln'om
2356 889 2496 966 satum,

1509 974 1577 1038 aad
1626 973 1685 1038 'ott
1710 971 1782 1059 publ
1808 969 1893 1037 auci
1918 967 2008 1035 tticbt
2032 966 2141 1035 scitne
2169 975 2323 1054 repam
2354 976 2497 1056 propter

1510 1073 1626 1126 nostra
1650 1072 1798 1144 peccata.

2004 1140 2055 1207 tria
2090 1140 2334 1218 contabescent,
2369 1139 2494 1221 idest,

371 1248 373 1253 ’
474 1268 550 1322 tara
572 1256 640 1318 vitu
662 1268 810 1332 aeterna,
832 1254 888 1318 ulti
911 1251 1063 1315 bortrines
1082 1252 1195 1315 vivent
1216 1246 1327 1314 deleta
1350 1260 1456 1313 morte
1509 1229 1604 1298 mum
1625 1229 1778 1299 h⁰¹²¹l⁰⁶⁸
1799 1248 1882 1315 lm
1903 1228 2077 1294 ⁶⁰⁰rib¹¹⁸
2097 1227 2196 1293 ”nimi
2218 1236 2472 1294 ⁰⁰¹¹⁸¹¹m¹¹⁰t¹ffi

475 1357 510 1406 ct
533 1353 692 1427 peccato,
713 1352 748 1405 et
768 1338 919 1404 fruentur
948 1353 1083 1403 aeterna
1107 1336 1350 1402 corrsuctutline
1380 1331 1455 1399 Dei.

474 1426 570 1493 llaec
592 1427 743 1491 doctrina
772 1436 825 1491 est
847 1426 1045 1511 opponenda
1076 1422 1365 1509 imaginationibus
1387 1419 1457 1504 plrl·

374 1534 383 1547 ·
474 1510 677 1599 losephicis,
707 1514 780 1578 sive
812 1510 1003 1596 Epicureis,
1037 1510 1093 1595 qui
1122 1511 1271 1595 cogitant
1299 1510 1456 1573 mundum

473 1600 581 1665 luisse
610 1612 642 1664 et
665 1595 738 1663 lore
759 1611 945 1670 aeternatur
979 1596 1041 1661 sed
1071 1616 1133 1658 nos
1172 1596 1332 1659 debemus
1354 1594 1456 1671 scire,

475 1689 565 1770 quod
588 1684 643 1749 hic
665 1685 819 1756 arundus,
843 1687 875 1749 in
898 1705 965 1769 quo
988 1683 1141 1760 vivimus,
1162 1681 1209 1747 sit
1230 1701 1316 1765 opus
1338 1700 1358 1745 a
1380 1676 1456 1745 Deo

474 1771 771 1927 paugggitttxfflquod
792 1768 973 1857 aliquando
997 1770 1157 1853 coeperit,
1179 1769 1269 1854 quod
1287 1765 1373 1833 hoec
1388 1766 1457 1832 vita

556 2067 565 2079 ”
594 2070 741 2172 Proba,
772 2067 886 2179 quod
915 2066 968 2149 sit
996 2094 1102 2150 unas
1131 2064 1319 2149 mundus.

496 2262 500 2271 '
553 2267 778 2353 ¹llespondeo.
823 2266 955 2347 Quaeve
987 2266 1081 2332 Deos
1107 2267 1161 2332 dic
1192 2268 1342 2349 septr'mor
1374 2284 1457 2351 ergo

475 2373 544 2420 non
566 2350 646 2419 lecit
667 2350 766 2418 alium
790 2353 957 2419 muudum.
1002 2352 1098 2434 ltent,
1119 2352 1266 2438 aporiati
1293 2350 1458 2417 Christum

473 2441 572 2508 renel
586 2445 665 2524 poti
683 2441 718 2504 in
735 2440 796 2514 doc
816 2441 953 2506 mundar
983 2460 1065 2527 ergo
1090 2461 1158 2507 nou
1180 2451 1235 2505 est
1255 2433 1342 2505 alius
1364 2458 1458 2504 mun·

476 2530 693 2678 dus'lleinde
719 2612 912 2696 praedictae
934 2621 1014 2677 sant
1035 2608 1115 2677 illae
1138 2609 1348 2675 calamitates
1377 2619 1458 2675 tem·

473 2696 631 2786 porales,
653 2709 691 2802 ot
712 2699 857 2766 sciamus
879 2717 937 2779 ea,
967 2717 1054 2785 quae
1077 2698 1249 2782 praedicta
1269 2708 1367 2777 suat,
1388 2715 1457 2762 nou

475 2806 561 2852 casu
582 2804 726 2851 evenne.

635 3012 772 3116 Quare
802 3011 1060 3121 cumulantur
1087 3011 1298 3097 miseriae?

561 3210 780 3299 Respondec.
822 3210 909 3285 Quia
931 3209 1141 3279 cumulantur
1155 3224 1294 3298 peccatu
1330 3223 1365 3279 et
1381 3211 1459 3301 quia

474 3297 643 3368 Diabolus
672 3300 739 3365 scit
764 3298 892 3364 instare
918 3297 1092 3376 iudiciumr
1122 3299 1197 3366 ideo
1226 3299 1263 3365 lit
1289 3259 1459 3381 laudator,

474 3388 590 3454 aciens
612 3408 709 3451 saum
732 3385 908 3458 iudicium,
961 3386 1028 3450 aod
1058 3389 1102 3451 sit
1122 3386 1318 3453 inliciendas
1346 3387 1380 3452 in
1402 3405 1457 3453 ae·

474 3478 591 3540 tanos
614 3471 796 3555 eruciatus,
840 3404 975 3537 Diaboli
997 3471 1083 3538 enim
1105 3487 1184 3545 sunt
1205 3473 1326 3539 abiecti
1344 3473 1377 3538 ia
1399 3492 1457 3538 ae·

477 3570 593 3625 ternas
615 3578 765 3645 poenas..
798 3555 841 3622 Et
867 3552 959 3622 nulla
986 3578 1066 3644 pars
1088 3555 1307 3624 Diabolorum
1337 3558 1458 3625 llbero-

334 3642 353 3663 ‘
474 3656 541 3712 tur.
563 3655 565 3659 ’
586 3643 933 3731 contignandum,
954 3663 994 3709 se
1014 3664 1094 3711 esse
1115 3646 1290 3713 damnatos
1312 3645 1346 3712 in
1368 3649 1458 3711 omni

475 3732 695 3810 aeternitate,
708 3744 742 3797 et
763 3731 827 3796 iam
849 3731 978 3796 instare
995 3726 1075 3797 iilud
1090 3742 1221 3819 tempus
1237 3732 1361 3813 iudicii,
1381 3734 1458 3799 ideo

475 3818 549 3882 cius
571 3815 667 3883 iuror
688 3820 720 3883 iu
742 3816 895 3882 hoarlaes
917 3829 970 3882 est
990 3819 1137 3884 atrocior
1158 3832 1194 3884 et
1217 3818 1458 3885 vehementior.

475 3901 520 3967 Et
542 3914 597 3967 est
618 3898 718 3967 valde
740 3899 937 3981 dolendum,
972 3904 1060 3988 quod
1088 3905 1155 3969 sint
1184 3916 1252 3970 tarn
1279 3903 1459 3972 horribiles

476 3985 685 4054 idololatriae
706 3990 739 4053 in
763 3987 829 4052 fine
851 3988 950 4061 lauba
969 3989 1091 4053 mundi.
1136 3987 1281 4056 lilarima
1303 4015 1382 4077 para
1400 4013 1457 4078 ge·

474 4077 566 4140 neris
589 4073 722 4141 humani
746 4088 798 4139 est
820 4073 1057 4155 llleltometica,
1078 4085 1112 4142 et
1133 4097 1275 4163 prorsus
1296 4081 1458 4165 ignorans

473 4157 557 4240 Dei,
585 4172 622 4226 ut
643 4161 677 4224 in
700 4161 866 4245 Aphrica3
899 4160 933 4224 ia
967 4158 1102 4246 Europa
1134 4173 1188 4229 est
1217 4163 1336 4249 exigua
1364 4185 1457 4249 pars,

472 4266 562 4332 quae
583 4259 724 4313 vocatur
753 4247 953 4327 christiana,
986 4262 1106 4334 postea
1127 4250 1214 4316 inter
1240 4247 1318 4316 illos
1350 4252 1458 4339 ipsos,

499 4332 531 4397 ui
552 4332 678 4398 habent
700 4354 813 4399 veram
835 4329 946 4399 lucens
968 4336 1154 4418 doctrinae,
1175 4338 1271 4424 pauci
1283 4347 1375 4419 ειιιιι,
1399 4338 1456 4426 qai

508 4439 581 4485 eum
604 4431 696 4484 reete
717 4422 885 4485 invocant.
1255 4434 1258 4438 ·

559 4503 672 4572 'lertio
694 4517 773 4573 suut
794 4503 975 4587 revelatae,
998 4517 1035 4573 ιιι
1048 4508 1239 4596 mitigentur
1249 4513 1348 4578 nobis
1359 4532 1455 4598 prae-

470 4603 588 4658 sentes
610 4611 759 4677 pcenm,
782 4604 819 4658 ιιι
840 4612 905 4658 nos
928 4595 1180 4661 camuronelacti
1209 4617 1349 4683 agamus
1377 4618 1456 4684 poe·

471 4676 663 4758 uiteutiam,
692 4688 727 4744 et
759 4679 1010 4744 consideremus
1038 4678 1113 4746 illus
1143 4702 1265 4749 causas
1289 4681 1456 4751 calamita·

471 4774 558 4840 tum,
592 4775 626 4829 et
658 4775 811 4850 ροιιιιιιιιε
844 4763 1094 4852 mitigationem,
1129 4781 1161 4834 et
1195 4766 1377 4837 clanrenrus
1410 4771 1456 4838 ad

471 4846 576 4916 lilium
598 4846 680 4929 Dei,
714 4862 751 4918 ιιι
773 4852 923 4917 destruat
951 4864 1050 4939 caput
1071 4850 1226 4938 Diaboli,
1260 4858 1351 4924 iuvat
1379 4878 1455 4940 uos,

470 4935 655 5003 intercedet
677 4958 737 5023 pro
761 4938 860 5005 nobis
883 4948 1010 5024 patrea·
1032 4951 1095 5008 etc.

559 5021 647 5088 lstas
669 5042 814 5091 caussas
836 5025 923 5091 bene
945 5027 1167 5094 considerate.
1199 5024 1456 5099 lurentuseuim

472 5126 541 5173 non
563 5108 758 5176 considerat
778 5110 875 5177 istam
895 5113 1153 5190 magnitudinem
1177 5116 1397 5197 miseriarum,
1419 5126 1457 5185 ιιι

340 5254 345 5269 ,
472 5193 579 5278 lnquit
605 5193 783 5283 Euripides
815 5196 919 5279 [bled.
936 5198 1021 5281 484:
1061 5203 1128 5267 Nt'a
1159 5200 1218 5290 reip
1253 5208 1374 5291 pocula
1405 5201 1458 5268 cis

469 5277 574 5363 ἀλγεῖν
593 5287 683 5366 φιλεῖ.

560 5367 721 5435 limeum
741 5368 826 5436 belle.
880 5369 956 5436 Non
991 5383 1071 5439 sunt
1103 5368 1203 5455 bella,
1236 5374 1327 5443 sicat
1357 5387 1457 5442 antea

471 5447 628 5530 faemrntr
660 5455 784 5541 quibus
818 5457 998 5526 constituta
1024 5470 1103 5525 sunt
1136 5460 1295 5549 imperia,
1327 5462 1362 5528 id
1392 5472 1458 5543 est,

1665 1424 1670 1435 .
1715 1366 1828 1432 Nolite
1848 1367 1960 1432 amere
1981 1387 2005 1430 e
2025 1365 2129 1451 atquo
2144 1364 2241 1431 coelis

1715 1453 1805 1539 Erpa
1825 1452 1907 1518 ar'lo'l
1925 1451 2118 1540 aptificare

1594 1574 1808 1657 Respondeo.
1853 1570 2051 1639 Consolatio
2072 1571 2192 1638 tradita
2213 1580 2283 1651 est,
2316 1570 2397 1658 quin
2416 1578 2495 1639 aunt

1509 1663 1538 1727 si
1565 1682 1618 1726 na.
1648 1663 1776 1728 Sisunt
1800 1661 1911 1747 signo,
1934 1679 2018 1745 erge
2040 1656 2164 1745 aliquid
2187 1656 2390 1745 significant.
2418 1657 2494 1727 lloo

1509 1683 1582 1814 vtDt
1603 1745 1716 1824 Deusr
1743 1758 1863 1833 postea
1884 1747 1976 1811 addit
1998 1743 2279 1812 consolationemr
2313 1741 2428 1809 Nottre
2454 1745 2493 1810 tt·

1508 1853 1606 1914 arou,
1628 1834 1660 1898 id
1683 1846 1748 1911 est,
1770 1854 1813 1899 ne
1834 1831 2034 1919 frangamini
2056 1833 2185 1910 timore,
2203 1850 2270 1896 nou
2292 1829 2494 1914 desperetis,

1509 1941 1577 1987 non
1599 1918 1761 1985 deficiatis
1784 1941 1804 1984 a
1826 1917 1913 1984 Deo.
1956 1916 2000 1984 Et
2021 1915 2121 1984 valde
2143 1927 2410 1984 consentancum
2441 1926 2494 1984 est

1509 2007 1596 2071 diem
1620 2002 1768 2072 ultimum
1790 2026 1857 2071 non
1879 2001 1998 2090 procul
2021 2023 2115 2075 esser
2138 2014 2289 2090 tempora
2311 2003 2400 2068 euim
2415 2012 2493 2070 sunt

1509 2093 1726 2158 determinata
1759 2092 1792 2156 in
1825 2090 2043 2156 lllonerelriis.
2102 2087 2194 2155 Dicit
2236 2089 2326 2154 enirn
2356 2086 2492 2172 Daniel,

1508 2177 1688 2245 Dominum
1697 2191 1874 2244 venetorum
1891 2179 1925 2243 iu
1941 2189 2062 2263 quarta
2083 2174 2293 2254 lllonarclria,
2317 2185 2352 2241 et
2375 2176 2493 2243 deinde

1509 2285 1577 2331 aon
1607 2262 1706 2331 aliurn
1733 2263 1888 2330 futuram.
1946 2264 2041 2329 llaec
2073 2263 2107 2327 ia
2142 2282 2269 2348 genere
2302 2261 2493 2350 significata

1510 2363 1598 2419 sunt.
1642 2348 1686 2416 Bt
1707 2348 1803 2417 Deus
1825 2351 1900 2416 ideo
1922 2350 2047 2415 indicat
2060 2347 2288 2432 lllouarchius,
2313 2349 2342 2413 Ι.
2362 2348 2493 2415 utsa's·

1510 2457 1584 2503 mus
1606 2438 1680 2523 regi
1703 2436 1815 2502 divino
1838 2434 1979 2503 consilio
2002 2456 2109 2524 geum
2131 2434 2328 2516 humanum
2348 2435 2385 2500 2.
2404 2438 2494 2502 ursit

1510 2524 1733 2590 testimonium
1749 2523 1792 2588 de
1809 2520 1896 2602 Deo,
1918 2534 1951 2588 et
1969 2523 2011 2589 de
2033 2521 2099 2587 lrnc
2119 2523 2285 2601 doctriua,
2305 2523 2401 2608 quia,
2422 2542 2493 2589 com

1511 2624 1652 2677 eventus
1681 2611 1887 2696 respondent
1914 2609 1988 2675 istis
2009 2609 2314 2694 praedictionibus,
2347 2608 2493 2673 testimo·

1510 2700 1602 2764 nium
1624 2709 1677 2763 est
1698 2694 1786 2762 laune
1807 2696 1992 2762 doctrinam
2014 2716 2091 2761 esse
2108 2716 2240 2774 veram,
2268 2694 2350 2781 quin
2370 2691 2492 2760 Diabo-

1511 2781 1566 2851 lus
1599 2780 1656 2849 illa
1690 2785 1885 2868 praedicere
1913 2804 1980 2848 nou
2010 2793 2140 2868 potest,
2172 2782 2205 2847 3.
2235 2794 2315 2849 saut
2342 2782 2442 2868 sigua
2460 2790 2493 2848 'et

1511 2872 1755 2957 praedictiones
1777 2868 1997 2934 liberationis.

1598 2953 1865 3024 Dictum'liliae:
1885 2955 1952 3021 sex
1973 2956 2076 3021 nawa
2096 2974 2255 3022 ceunomo
2283 2954 2439 3033 mutius,
2463 2960 2493 3018 et

1574 3051 1628 3109 tea
1648 3044 1846 3109 dotaretur.
1913 3040 1990 3108 Duo
2020 3040 2124 3108 millia
2152 3043 2269 3119 inane,
2295 3041 2362 3106 duo
2393 3036 2494 3107 millis

1526 3151 1579 3204 ex,
1601 3132 1667 3196 duo
1684 3127 1786 3195 millia
1808 3126 1979 3206 Christus3
2008 3141 2042 3194 et
2062 3129 2091 3193 si
2114 3129 2194 3215 quid
2215 3127 2335 3207 deerit,
2356 3138 2495 3214 propter

1511 3228 1653 3305 peccata
1674 3229 1792 3284 uestra
1812 3215 1929 3296 deerit,
1950 3234 2037 3302 quaa
2053 3212 2158 3282 multa
2178 3227 2271 3283 suaa

1643 3414 1867 3484 Daulotos
1893 3414 1933 3481 ll.
1955 3414 2071 3482 POST
2097 3410 2369 3481 ADVENTUM.

1674 3535 1680 3543 ¹
1739 3551 2018 3642 Evangelium
2036 3551 2180 3622 atarto.
2205 3552 2265 3620 ll.

1710 3690 1815 3775 (conl.
1837 3690 1914 3762 Vol.
1936 3691 2058 3758 xxtv.
2080 3716 2113 3780 p.
2125 3692 2170 3759 ³2
2191 3698 2284 3781 sqq.)

1597 3848 1815 3927 Scatttlalem
1836 3851 1889 3915 eia
1909 3851 2067 3937 epona·
2110 3849 2211 3935 Apud
2232 3846 2489 3935 Aristophanem

1509 3934 1745 4022 «ιιιᾶόλιιθρον
1766 3937 1818 4000 cia
1830 3933 1925 4019 falic,
1956 3951 2008 4003 cst
2026 3934 2165 4023 liguum,
2187 3956 2257 4024 quo
2281 3932 2411 4003 calcato
2433 3935 2487 4001 tie·

1511 4020 1624 4105 elpula
1647 4022 1820 4089 clarnlitur.
1854 4021 1999 4089 Hebraei
2011 4024 2225 4090 reddiderunt
2242 4024 2311 4089 duo
2328 4017 2488 4091 vocabula

1509 4107 1673 4190 inolescit,
1701 4110 1733 4174 ld
1755 4120 1827 4188 est,
1849 4110 1984 4193 pedica,
2011 4122 2045 4176 et
2064 4110 2176 4187 local,
2204 4113 2297 4196 quod
2326 4122 2378 4176 est
2402 4106 2488 4194 apud
2520 4141 2524 4146 ·

1509 4194 1653 4261 Esaiam.
1705 4193 1748 4261 lit
1775 4197 1910 4282 proprie
1932 4197 2051 4262 dicitur
2079 4194 2276 4262 scandalum
2304 4198 2372 4265 das
2400 4194 2485 4275 built.

1509 4284 1623 4349 daran
1642 4301 1721 4349 maa
1741 4283 1812 4349 rtet
1832 4292 1959 4349 stataet.
1995 4283 2075 4350 luda
2096 4285 2194 4350 etiarn
2205 4282 2317 4349 Latini
2340 4284 2485 4349 dixeram

1508 4365 1706 4435 scandulum
1728 4371 1781 4433 ein
1796 4371 1952 4450 scbmdel,
1970 4368 2104 4438 Graece
2123 4369 2257 4458 abaco
2276 4370 2328 4440 da
2348 4390 2423 4439 oran
2435 4367 2485 4435 rto

1507 4458 1604 4544 copel
1623 4458 1680 4522 mit
1696 4451 1794 4538 fellet.

1540 4658 1760 4765 Quomodo
1792 4656 2107 4871 Chrisudsrrldiicit
2135 4690 2180 4748 se
2210 4691 2302 4750 esse
2334 4692 2448 4750 smu-

2004 4813 2030 4867 0
2395 4792 2400 4813 .

1616 4961 1817 5031 malon
1836 4973 1886 5032 ert
1904 4985 1962 5034 res
1981 4966 2145 5055 ἀεειρίω
2164 4975 2197 5035 et
2216 4987 2274 5038 ret
2293 4969 2401 5052 molor

1616 5050 1766 5118 wotos
1785 5073 1848 5118 rtott
1868 5054 2007 5139 decipit:

1615 5136 1707 5225 Erpa
1727 5138 1880 5206 Cbrtbtae
1899 5159 1967 5207 aaa
1985 5147 2036 5208 est
2050 5141 2255 5210 mentm.

1595 5290 1798 5378 Respondec
1825 5297 1869 5363 ad
1894 5296 2065 5364 Maiorem.
2108 5293 2245 5384 Duplex
2271 5307 2330 5365 est
2354 5292 2479 5365 saude-

1508 5374 1595 5459 lum,
1623 5376 1753 5447 scilicet
1776 5381 2017 5463 Plurisuicora
2050 5404 2127 5452 cum
2159 5380 2319 5453 videlicet
2344 5380 2419 5453 meli
2446 5397 2481 5446 ro

1510 5468 1598 5532 bone
1620 5465 1846 5547 ellendunturr
1873 5482 1908 5537 et
1935 5468 2135 5539 scandalum
2155 5471 2328 5539 vitandam
2356 5483 2408 5539 est
2430 5483 2480 5535 m

399 5539 407 5555 '
471 5537 643 5607 nihilium
666 5542 788 5609 virtute
811 5544 957 5632 geritur,
985 5536 1047 5612 sed
1071 5546 1153 5613 lirant
1175 5570 1228 5617 ma
1298 5550 1457 5616 eturba·
1508 5547 1608 5627 orale,
1628 5573 1716 5641 qens
1736 5566 1789 5622 est
1809 5553 1963 5644 decipula
1985 5558 2146 5627 bonarum
2168 5559 2346 5641 mentium,
2367 5568 2402 5626 ot
2421 5548 2483 5622 rae*-

375 5656 377 5666 ·
471 5625 594 5696 dona.
637 5627 685 5695 Er
704 5628 749 5697 iat
769 5628 843 5700 ltetn
860 5631 1016 5719 petum
1035 5644 1153 5702 statas.
1243 5637 1368 5704 ictores
1390 5603 1487 5713 hoel

1508 5637 1578 5707 lum
1610 5639 1817 5725 sodalium
1854 5665 1924 5734 quo
1948 5640 2064 5715 selda
2094 5641 2189 5715 nuto
2221 5655 2484 5733 ommno·
