5934 6709
1089 637 1203 706 Pittl..
1224 636 1331 705 sisi.
1353 634 1439 706 scit
1451 634 1562 703 wis
1582 633 1851 704 racemos
1880 738 1884 743 ,
2428 637 2496 709 888

481 831 581 894 electi
625 828 789 896 Traianus
806 846 875 894 uun
895 837 949 894 est
970 823 1110 908 eleetm,
1126 826 1256 893 etiamsi
1276 823 1380 914 aliqui
1401 825 1460 893 iin-
1510 845 1585 894 mue
1606 845 1673 892 vox
1695 822 1890 892 clamantis:
1941 823 2010 888 Wir
2031 825 2154 889 tem
2176 823 2387 912 disciplinam
2408 827 2495 891 stelit

482 929 587 1006 gunt,
619 916 710 1003 quod
731 914 765 981 S.
790 911 976 1001 Gregorius
1009 933 1084 980 erm
1105 912 1296 980 liberaverit
1318 933 1360 978 ex
1380 934 1458 1000 pur·
1482 979 1489 1011 Ι
1509 933 1546 975 :o
1568 911 1658 973 :toris
1678 911 1831 991 amites,
1851 931 1938 974 menn
1959 932 2031 973 mon
2051 912 2140 975 nicdt
2160 912 2241 992 eled,
2254 916 2312 975 wie
2333 916 2385 977 cie
2406 913 2495 983 tedet

481 1005 622 1091 gatorio.
665 1002 741 1066 Fuit
761 998 918 1067 laudatus
940 1000 1118 1085 princeps,
1151 1000 1213 1065 sed
1245 997 1360 1066 babuit
1380 1019 1459 1086 pec·
1509 996 1585 1071 will,
1606 1019 1642 1060 ro
1663 998 1733 1079 gibt
1758 1018 1830 1059 men
1846 998 1989 1089 pecias:
2003 999 2069 1077 fur.
2114 997 2207 1066 Talis
2235 1011 2287 1064 est
2313 996 2496 1084 petulantia

481 1103 556 1156 cate
578 1088 765 1154 communie
785 1099 819 1153 et
840 1088 982 1153 atrocia:
1000 1107 1068 1154 non
1079 1098 1206 1152 tanturn
1217 1086 1459 1172 ignorationem
1510 1094 1544 1150 et
1564 1081 1690 1149 malitie
1710 1082 1810 1149 huius
1831 1085 1974 1164 aetalia,
2006 1097 2043 1149 ut
2070 1082 2163 1150 multi
2184 1084 2380 1171 simpliciter
2400 1086 2495 1155 iudo·

478 1173 557 1255 Dei,
578 1176 639 1240 sed
661 1174 761 1240 etiam
781 1172 848 1239 alia
870 1184 954 1239 tetra
976 1173 1065 1239 vitia.
1109 1171 1280 1240 Fortassis
1298 1171 1365 1259 ¹(pul
1392 1173 1459 1238 ista
1511 1181 1591 1237 cunt
1612 1173 1645 1234 in
1668 1169 1821 1241 animum,
1844 1180 2001 1254 oportere
2033 1171 2117 1256 ipsis
2150 1173 2271 1238 cedere
2303 1170 2422 1258 leges,
2454 1190 2493 1241 ae

479 1260 609 1349 fingunt
630 1261 664 1325 in
685 1258 791 1338 ltalia,
813 1269 929 1344 putant
960 1255 1020 1324 illa
1051 1261 1130 1325 vitia
1161 1279 1229 1324 non
1262 1277 1341 1324 esse
1367 1259 1457 1324 vitia.
1511 1276 1579 1321 non
1602 1267 1759 1339 oportere
1781 1256 1902 1321 cedere
1924 1253 2065 1342 legibus.
2111 1257 2178 1319 Dar
2199 1256 2300 1319 iteret
2314 1259 2399 1320 wird
2413 1258 2492 1323 eei·

481 1347 624 1433 Oportet
645 1367 710 1413 nos
731 1364 811 1412 esse
831 1348 980 1412 membra
1000 1342 1194 1413 Ecclesiae:
1221 1355 1354 1430 oportet
1379 1364 1459 1411 esse
1511 1363 1584 1413 reo.
1606 1363 1655 1403 wc
1677 1362 1711 1406 ee
1733 1341 1812 1404 (icit
1833 1341 1922 1405 eicit
1943 1341 2076 1415 indere,
2098 1355 2236 1429 propter
2257 1346 2401 1431 gemitus
2422 1346 2495 1431 pio·

481 1445 630 1500 vocatos,
1511 1448 1595 1492 rum.
1623 1426 1681 1491 lsti
1696 1440 1818 1505 temen,
1830 1431 1885 1512 qui
1908 1447 1975 1493 non
1999 1441 2251 1510 convertuntur,
2265 1430 2395 1497 dabunt
2414 1450 2495 1517 poe·

1511 1532 1588 1590 nes,
1608 1532 1677 1579 nou
1699 1512 1868 1599 effugient.
1914 1513 1996 1580 Cum
2030 1534 2112 1600 ergo
2145 1517 2264 1601 inquit:
2298 1515 2385 1579 Caro
2412 1537 2495 1580 me:

1512 1598 1761 1683 comprehendit
1795 1596 1907 1669 officie
1938 1603 2113 1669 doctorum
2142 1612 2177 1669 et
2209 1604 2496 1690 gubernatorem:

1512 1686 1636 1752 docere
1658 1696 1691 1749 et
1713 1703 1833 1772 regere
1854 1684 2072 1773 disciplinam

725 1762 806 1866 Qui
837 1763 1026 1847 dicuntur
1055 1761 1219 1846 vocati?
1385 1828 1390 1839 ,
1596 1770 1701 1835 Addit
1722 1791 1818 1837 vero:
1840 1773 1873 1837 ei
1891 1773 1971 1859 qudi
1990 1781 2167 1858 practerea
2189 1776 2393 1859 arpaedmts,
2415 1778 2496 1843 red·

1231 1924 1233 1929 ,
1510 1857 1587 1923 dam
1608 1856 1677 1935 tibi,
1699 1877 1769 1923 mm
1788 1859 1930 1925 rediero.
1961 1857 2004 1925 a:
2025 1880 2104 1926 mox
2125 1861 2216 1931 addit
2237 1858 2496 1948 applicationem

573 1945 693 2012 Vocati
726 1959 804 2013 sunt
829 1946 1002 2012 audientes
1034 1942 1277 2024 Ministerium,
1311 1943 1459 2009 adiuncti
1509 1945 1614 2009 totius
1635 1943 1837 2028 parabolae:
1882 1945 1965 2025 Quis
1985 1955 2035 2013 cst
2055 1948 2107 2013 titt
2123 1949 2317 2031 proximus?
2357 1944 2420 2023 llle
2439 1970 2495 2025 re-

479 2033 659 2099 ministerio
681 2044 819 2099 externa
840 2030 1050 2120 professione
1072 2031 1255 2111 dcccdccc,
1271 2042 1304 2097 et
1326 2040 1458 2095 utentes
1510 2030 1675 2114 spondet:
1720 2030 1788 2110 Qus
1802 2030 1968 2115 benefeci,
1981 2036 2227 2117 aeproctmns:
2248 2047 2282 2101 et
2304 2054 2425 2107 rursus
2445 2032 2496 2109 el·

478 2119 716 2185 Sacramentis.
760 2118 908 2186 Externa
928 2115 1098 2205 professio
1111 2115 1319 2203 estquando
1336 2113 1457 2193 fateor,
1511 2127 1563 2183 ter
1584 2116 1640 2202 qui
1661 2116 1833 2203 indigebat
1854 2139 1920 2205 ope
1942 2121 2027 2201 elus,
2044 2116 2112 2202 Μ
2129 2128 2302 2206 proximem
2321 2125 2362 2191 ei.
2407 2120 2497 2195 ltu

478 2206 569 2292 qaod
590 2206 757 2284 docuina,
784 2227 883 2294 quam
904 2203 1079 2293 profitetur
1100 2201 1271 2282 Ecclesia,
1296 2202 1339 2267 sit
1365 2221 1458 2282 uera,
1551 2204 1682 2269 oximus
1703 2201 1806 2271 babet
1826 2225 1866 2271 se
1899 2204 2109 2273 correlative.
2163 2206 2269 2275 llliser
2300 2220 2355 2279 est
2387 2210 2495 2294 opita:

477 2312 552 2359 suu
573 2292 687 2357 socius
709 2292 903 2372 ministerii,
933 2311 1085 2378 agnosco
1116 2300 1269 2357 caeteros
1291 2307 1370 2354 esse
1392 2285 1458 2353 lra-
1510 2222 1593 2355 llari
1615 2289 1802 2373 proximus:
1831 2303 1865 2357 et
1893 2291 2059 2377 opitulans
2088 2305 2142 2359 est
2163 2294 2287 2363 misero
2309 2294 2495 2381 proximae.

477 2391 560 2457 tres,
572 2397 635 2443 oro
657 2398 732 2444 cum
754 2390 864 2458 coetu,
876 2390 911 2445 et
931 2375 1032 2444 foveo
1053 2374 1144 2442 illurn
1165 2374 1459 2452 consociationem,
1510 2373 1582 2440 Lex
1604 2375 1716 2455 docet,
1737 2389 1774 2444 ut
1795 2398 1815 2443 o
1839 2374 1992 2447 itulemur
2021 2380 2172 2460 miseris,
2203 2381 2393 2468 ublceaque
2426 2382 2497 2455 siet

477 2477 542 2532 etc.
587 2464 744 2527 Dassind
761 2464 1000 2547 i'ceffebkcpffc,
1017 2465 1073 2549 qui
1090 2464 1268 2548 seiungunt
1283 2458 1459 2526 seeblini·
1510 2472 1544 2526 et
1565 2461 1764 2548 quicunque.
1816 2399 1895 2530 lion
1922 2465 2022 2550 igitur
2050 2467 2201 2550 disputes
2231 2479 2350 2535 contre
2371 2465 2495 2555 legen.

338 2580 340 2587 ·
476 2551 596 2617 sterio:
618 2551 673 2615 die
693 2551 739 2612 da
759 2573 820 2633 par
840 2554 892 2613 eie
912 2554 1018 2632 epse:
1037 2550 1147 2613 eolice
1167 2546 1315 2625 morien,
1342 2557 1377 2611 et
1403 2566 1458 2612 ne·
1510 2546 1574 2613 Est
1583 2559 1695 2613 autem
1705 2544 1862 2616 Ecclesia
1873 2551 2015 2617 maxie
2024 2550 2241 2623 miserabilis:
2256 2573 2339 2641 ergo
2351 2555 2496 2627 mulne

477 2657 542 2724 que
562 2637 628 2720 ipsi
651 2638 773 2717 vident,
793 2638 871 2724 quid
882 2637 1038 2714 doceant,
1048 2655 1157 2722 neque
1177 2630 1233 2699 alii
1256 2653 1318 2698 eos
1340 2628 1458 2698 intelll-
1510 2630 1695 2701 effimamur
1717 2635 1946 2702 misericordie
1979 2656 2061 2703 era
2093 2658 2186 2716 eam:
2219 2659 2288 2707 uon
2320 2643 2493 2715 turbemer

477 2732 570 2813 gunt.
604 2720 949 2789 0mueverumhabct
962 2720 1006 2787 ali
1030 2742 1096 2790 uos
1112 2716 1347 2807 intelligentes.
1379 2718 1458 2781 Man
1511 2739 1596 2797 eam,
1613 2739 1681 2785 non
1704 2732 1907 2802 evertamus,
1927 2742 1996 2791 nou
2016 2658 2252 2806 lilaeeremus,
2267 2746 2336 2795 nou
2358 2747 2493 2799 mosee·

477 2831 559 2871 ιω
579 2808 630 2870 ilic
650 2816 747 2871 aaa:
768 2809 891 2872 dumea
911 2816 993 2873 earet
1069 2852 1079 2873 .
1123 2804 1198 2885 lili,
1231 2807 1287 2893 qui
1316 2825 1386 2871 nou
1407 2806 1457 2869 iu·
1511 2825 1584 2872 mus
1606 2805 1765 2874 tumultus
1829 2810 1995 2875 rniciosos
2018 2813 2182 2878 communi
2203 2813 2323 2883 coetui·

476 2893 670 2983 telliguntur
689 2897 734 2962 ab
755 2892 829 2961 aliis
841 2940 852 2975 ,
882 2916 924 2962 se
954 2896 1048 2980 ipsos
1082 2913 1216 2982 quoque
1249 2911 1317 2959 non
1338 2888 1457 2958 intelli·
1595 2889 1708 2978 Aliqui
1728 2828 1831 3000 multi
1853 2896 2022 3002 disputant
2042 2897 2086 2961 de
2108 2897 2161 2963 bis
2183 2900 2311 2966 verbis:
2344 2898 2387 2967 ss·
2411 2900 2493 2985 qaid

477 2995 630 3134 gunt-Dat
651 3080 761 3134 autem
785 3068 866 3129 deo:
887 3068 1042 3131 decorior.
1084 3068 1153 3131 Der
1174 3065 1330 3131 denarius
1351 3062 1458 3167 Ιτωηξί
1509 2980 2408 3156 wgpllelwcl'uswsollhjaluenidfflwxboffl
2417 3004 2493 3141 331¹:

475 3154 526 3216 die
546 3176 582 3216 m
603 3174 734 3237 prom
756 3155 862 3219 altres:
885 3154 1097 3236 :oumnfipur
1113 3156 1180 3217 reis
1202 3148 1333 3217 illarum
1354 3170 1457 3216 maxt-
1510 3161 1562 3216 eat
1582 3150 1668 3217 haec
1699 3155 1880 3222 sententie:
1924 3155 2148 3223 Gubernatori
2180 3168 2214 3223 et
2242 3154 2386 3223 Doctori
2417 3176 2490 3224 uon

476 3262 603 3307 mamm
623 3260 753 3307 serum:
784 3239 894 3307 Credo
916 3252 1055 3328 propter
1065 3239 1194 3308 numeri
1205 3236 1454 3323 perfectionem,
1509 3234 1620 3303 solum
1646 3250 1701 3304 est
1733 3260 1821 3325 opus
1844 3242 1996 3309 doctrina
2016 3242 2050 3309 in
2077 3240 2275 3315 uniuersali.
2304 3242 2367 3311 sed
2389 3242 2491 3313 uiam

476 3324 634 3394 induisse
657 3347 730 3394 eum
753 3328 801 3392 uti
828 3328 954 3392 denarii
983 3328 1112 3412 potius,
1146 3345 1245 3413 quant
1276 3319 1456 3389 medurnae
1509 3334 1563 3389 est
1584 3323 1615 3389 el
1633 3344 1721 3409 opus
1743 3325 1885 3393 consilio
1907 3340 1942 3393 et
1956 3324 2081 3394 cunio
2102 3329 2136 3399 ie
2157 3325 2360 3416 periculam
2409 3326 2492 3403 Wu

476 3410 713 3564 appellatione.
774 3413 810 3478 ln
843 3413 981 3478 denario
1014 3422 1067 3479 est
1099 3429 1255 3477 numems
1288 3408 1456 3507 decenus,
1507 3411 1569 3475 :cir
1588 3429 1655 3476 rece
1671 3411 1719 3477 da
1740 3411 1910 3497 bederffce
1929 3414 1973 3480 ad
1996 3411 2138 3481 consilia
2165 3416 2296 3496 dende,
2327 3426 2362 3483 st
2380 3411 2491 3489 feren·

476 3518 522 3585 qu
556 3512 608 3564 est
630 3519 789 3565 numerus
806 3496 1004 3584 completus.
1048 3495 1126 3565 Duo
1148 3496 1197 3563 illi
1220 3494 1455 3561 denariicuam
1508 3497 1586 3563 dum
1608 3495 1783 3581 auxilium,
1810 3501 1857 3567 du
1876 3501 1961 3567 eird
1982 3499 2063 3567 Gott
2084 3501 2167 3567 auct
2187 3500 2319 3584 teiffea.
2360 3498 2406 3569 Et
2424 3502 2490 3571 aio·

475 3594 554 3652 tant
574 3583 648 3651 Iex
668 3597 703 3651 et
724 3581 962 3673 Evarrgclium3
983 3596 1062 3652 suut
1090 3584 1156 3651 dno
1186 3600 1312 3669 genere
1333 3581 1455 3647 doctri·
1506 3584 1564 3650 ubl
1586 3579 1739 3663 labimur,
1756 3605 1845 3651 ecrtn
1865 3589 1927 3653 :eir
1949 3587 2154 3668 strmrclrein,
2170 3585 2267 3657 Deus
2287 3598 2398 3659 taum
2420 3606 2489 3663 aas

475 3690 559 3740 aaa:
579 3682 756 3758 utrumque
777 3693 885 3759 genus
907 3692 971 3739 suo
993 3672 1092 3738 modo
1115 3682 1169 3737 est
1185 3674 1359 3755 integrum.
1404 3665 1454 3733 Tu
1507 3670 1595 3736 sinet
1616 3689 1680 3736 nos
1701 3673 1834 3756 ponitus
1846 3672 1924 3740 labi.
1957 3672 2395 3760 Supererapatiosigniiicet
2409 3692 2490 3747 cen·

475 3776 544 3822 uon
566 3758 670 3824 debes
692 3759 831 3844 gignere
850 3779 940 3826 nove
962 3759 1141 3844 dogmata,
1174 3767 1233 3822 eut
1254 3773 1363 3820 novos
1386 3751 1455 3820 cul·
1507 3752 1617 3823 silium
1638 3757 1672 3822 in
1693 3756 1897 3842 particulari,
1917 3771 1952 3827 et
1966 3757 2257 3828 conservationem
2272 3761 2306 3825 iu
2322 3758 2492 3845 portentis

475 3854 541 3925 tuas,
609 3845 708 3910 inon
731 3846 798 3910 siut
817 3865 926 3932 neque
946 3846 979 3910 in
1003 3845 1090 3929 lege,
1112 3862 1221 3929 neque
1249 3842 1282 3907 in
1303 3837 1454 3926 Evange
1506 3840 1574 3907 ista
1594 3843 1694 3909 etiam
1717 3846 1774 3911 dat
1793 3842 1854 3911 ille
1875 3845 2114 3913 Samaritanus.
2158 3845 2321 3934 Loquitur
2350 3848 2392 3915 de
2417 3846 2490 3919 me

475 3926 533 3997 lio.
590 3931 725 3997 rechma
741 3931 907 4019 significet
924 3928 1141 4016 manipulum:
1155 3940 1188 3994 et
1199 3925 1355 3994 denarius
1366 3926 1454 3992 idem
1508 3927 1696 4010 beneficiis,
1724 3952 1793 3999 nou
1820 3933 1862 3998 de
1887 3932 2019 4009 *ficticiis
2042 3934 2211 4020 operibus,
2234 3934 2277 3999 de
2299 3934 2422 4019 quitus
2444 3944 2489 4005 to·

475 4028 539 4097 cst,
584 4019 651 4084 uod
669 4016 838 4083 drachma.
882 4016 967 4083 Sunt
990 4019 1057 4084 duo
1079 4013 1208 4103 pulchri
1230 4010 1398 4096 manipuli,
1419 4013 1453 4078 id
1506 4015 1615 4081 nenda
1647 4029 1701 4082 est
1733 4016 1880 4106 Regula:
1929 4019 2072 4087 lmtstru
2104 4022 2214 4089 mene
2242 4040 2291 4085 me
2323 4020 2489 4093 remedi

474 4115 540 4182 est,
561 4038 635 4171 lisa
655 4115 691 4170 et
711 4100 940 4191 Evangelium·
986 4100 1074 4169 Olim
1100 4115 1235 4170 monete
1256 4100 1361 4169 maior
1381 4097 1452 4165 iuis
1505 4101 1672 4169 dominam
1715 4102 1813 4170 item:
1848 4102 1925 4170 Non
1956 4107 1992 4170 ia
2018 4109 2206 4192 praecepto
2225 4114 2361 4192 putrer
2379 4106 2487 4183 mde-

474 4191 600 4256 Postea
620 4192 728 4278 magis
750 4193 924 4278 magisque
945 4190 1103 4257 decrevit.
1147 4189 1227 4254 lnde
1242 4186 1453 4270 prroverblum
1504 4190 1584 4268 iate,
1606 4200 1671 4255 etc.

475 4290 541 4342 est:
573 4276 713 4360 Nequam
736 4282 826 4344 noes
846 4280 984 4340 emersis.
1026 4276 1096 4343 Sed
1129 4275 1253 4342 denarii
1288 4270 1452 4341 vocabulo
1591 4274 1642 4341 lta
1668 4277 1787 4343 videtis
1819 4277 1854 4341 in
1887 4276 1952 4345 hac
1984 4276 2147 4362 parabola
2174 4280 2353 4366 imaginem
2382 4279 2487 4351 toties

475 4382 559 4428 usas
581 4376 650 4440 est:
684 4365 822 4448 quiesi
871 4364 988 4431 iiieere
1020 4361 1125 4430 voluit
1156 4360 1342 4428 docuinam
1375 4379 1454 4426 esse
1505 4362 1678 4429 doctrinae
1698 4359 1885 4430 Ecclesiae.
1928 4362 2052 4444 Docet,
2074 4365 2163 4435 unde
2185 4366 2229 4430 sit
2250 4376 2430 4451 peccatam
2455 4375 2488 4437 et

474 4452 648 4536 integram,
670 4447 752 4515 nihil
774 4452 816 4515 ad
841 4452 962 4517 endum
983 4470 1062 4516 esse
1076 4449 1160 4537 Legi
1181 4459 1239 4514 aut
1256 4443 1452 4532 Evangelio,
1505 4445 1605 4536 quale
1626 4451 1687 4526 sit:
1709 4446 1864 4517 videlicet
1895 4452 1987 4536 quod
2015 4450 2117 4519 homo
2138 4451 2290 4520 inciderit
2322 4452 2357 4517 in
2383 4448 2488 4525 latro·

474 4539 563 4603 sicut
584 4536 786 4622 praecipitur
807 4538 840 4602 in
862 4536 1140 4603 Deuteronomio:
1154 4535 1249 4599 Nihil
1268 4534 1384 4605 addas,
1399 4553 1453 4596 aa
1505 4554 1579 4615 nes,
1600 4546 1635 4602 et
1656 4533 1844 4602 eDiabolis
1861 4536 2026 4620 spoliatus
2047 4538 2093 4605 sit
2114 4550 2149 4605 et
2169 4534 2374 4611 vulneratae.
2403 4538 2488 4611 Pet·

473 4644 533 4707 pac
554 4623 714 4686 demota
758 4623 855 4688 ltem:
888 4623 1031 4685 hema
1060 4622 1195 4703 pedibu
1225 4624 1301 4683 :aab
1331 4620 1453 4685 cedam
1506 4634 1615 4689 cetum
1637 4633 1691 4688 eat
1710 4644 1732 4688 a
1754 4620 1901 4702 diabolo,
1923 4634 1957 4689 et
1977 4644 1999 4690 a
2020 4622 2128 4691 libera
2144 4621 2314 4693 uoluntate
2331 4620 2488 4701 homieb.

474 4718 568 4775 tm.
612 4710 707 4776 item:
730 4710 896 4776 Amisiam
923 4712 958 4770 ie
988 4712 1064 4771 meir
1090 4711 1292 4789 praeceptis,
1325 4728 1387 4769 eon
1420 4709 1453 4771 in
1505 4707 1548 4773 Et
1569 4720 1623 4774 est
1644 4705 1722 4788 tale,
1743 4706 1886 4788 scilicet,
1907 4710 1997 4795 quod
2018 4730 2134 4779 sunus
2151 4708 2288 4797 spoliati
2315 4721 2351 4779 ei
2371 4707 2489 4789 vulne·

468 4800 654 4879 praecepti:
680 4805 809 4878 petrum
841 4804 1018 4861 meram.
1074 4793 1145 4859 llos
1178 4795 1265 4860 duos
1297 4794 1453 4859 dcmrios
1505 4795 1578 4860 rati.
1622 4793 1703 4861 ltem
1725 4796 1804 4882 quid
1825 4792 1927 4863 saciat
1941 4793 2021 4863 text
2064 4797 2142 4864 blon
2163 4794 2291 4868 totlitur
2310 4792 2391 4955 lelge
2409 4814 2489 4885 pso

474 4883 531 4950 dat
551 4883 685 4968 hospiti,
697 4894 730 4949 et
750 4886 840 4949 iubet
862 4884 938 4948 inde
957 4880 1032 4948 fleri
1047 4891 1222 4966 sumptam.
1266 4880 1452 4968 Significat,
1506 4894 1629 4983 paetum
1651 4883 1712 4948 sed
1733 4902 1795 4967 per
1817 4882 2084 4962 Sanmnitenum,
2113 4902 2174 4966 per
2196 4880 2309 4953 etium
2367 4884 2421 4965 tl,
2449 4894 2490 4959 ss

474 4971 563 5120 {2⁰⁴
585 4967 1040 5142 iiiiii‘iittffltiiii
1058 4968 1452 5141 titileiiziii
1504 4965 2489 5125 debilitil¹t⁶ii⁰‘..t²”i⁸.i¹⁴beii⁰d.t“·³⁸

473 5075 710 5228 metiplrearur
743 5102 890 5229 Legna,
920 5154 956 5207 et
990 5143 1157 5222 ostendit,
1183 5104 1265 5229 ‘quis
1297 5141 1342 5206 sit
1369 5161 1452 5207 usus
1504 5138 1587 5206 Vult
1607 5100 1672 5207 noe
1687 5143 1804 5209 audire
1820 5076 2009 5211 :bennam
2028 5143 2074 5210 de
2103 5142 2332 5228 poenitentia,
2358 5075 2488 5221 illurn:

473 5226 586 5316 Legis
1503 5226 1662 5294 missione
1679 5237 1915 5315 peccatorum:
1937 5227 2010 5296 vult
2030 5248 2094 5295 nos
2111 5227 2389 5396 statuerefflpod
2409 5248 2489 5313 prp-

562 5314 739 5395 Dttipcetar
755 5336 822 5377 eae:
837 5335 924 5392 aare,
945 5315 1060 5402 lnquit.
1104 5312 1180 5380 ldae
1203 5312 1367 5399 praecipit
1395 5314 1451 5379 mi·
1475 5344 1479 5358 ·
1502 5310 1579 5400 pte'r
1596 5312 1689 5383 bunc
1707 5316 1817 5399 ipsum
1838 5315 2094 5395 Serpentem,
2116 5313 2234 5387 Filium
2361 5312 2489 5391 habes·

471 5403 586 5469 uistris
609 5412 643 5466 et
665 5402 871 5468 docentibus.
914 5401 987 5468 Nos
1010 5402 1170 5468 debemus
1196 5401 1451 5486 recte-dooere.
1502 5421 1576 5467 mus
1594 5402 1826 5469 muniminum
1848 5413 2077 5486 peccatorum,
2096 5412 2289 5488 reputemur
2311 5402 2405 5482 iusti,
2420 5400 2511 5479 alm,

471 5487 515 5555 s:
536 5488 695 5556 docemus
717 5489 928 5556 mediocriter
948 5488 1011 5555 Dei
1039 5487 1211 5554 beuelicio.
1255 5486 1333 5552 scd·
1354 5487 1452 5554 &ci-
1503 5507 1619 5555 :imur
1640 5488 1765 5574 Spiritu
1781 5500 1931 5568 sueto,
1964 5499 1999 5555 ct
2026 5489 2096 5557 vita
2124 5499 2272 5561 aeterne.
2319 5486 2402 5563 Vttll
2417 5506 2490 5567 m

471 5573 562 5662 plina
583 5586 637 5642 est
658 5575 755 5642 nimis
777 5574 906 5654 laxata:
925 5595 1044 5642 sumas
1064 5575 1161 5640 mmia
1188 5572 1363 5652 imbelles,
1394 5594 1451 5642 aa·
1502 5574 1602 5653 seire,
1622 5575 1714 5662 quod
1736 5575 1935 5660 :scipta-nr
1955 5573 2021 5643 tite
2032 5619 2043 5654 ‚
2073 5594 2135 5661 per
2150 5587 2190 5647 ‚et
2211 5585 2350 5662 propter
2363 5570 2491 5653 lib!
