5934 6709
471 716 537 784 tritt
1107 708 1220 781 rm
1241 708 1347 781 MEL.
1369 710 1559 783 SGRll'l'A
1580 710 1846 781 uxccsrtcn.
2164 620 2185 675 x
2425 716 2494 785 676

471 908 561 976 muni
582 906 705 984 modo,
735 922 857 990 magna
889 922 969 989 pers
992 899 1080 967 fame
1100 900 1210 988 periit,
1231 910 1354 989 magna
1374 918 1455 987 pars
1507 912 1572 973 ret.-
1593 905 1643 970 sic
1665 906 1762 971 etiam
1785 916 1909 983 castra,
1921 904 1955 970 id
1976 916 2041 985 est,
2064 904 2233 971 exercitus
2254 906 2401 973 imitatur
2420 928 2494 974 mo·

472 1004 526 1060 est
546 994 676 1059 obiecta
699 992 827 1072 bestiis,
840 1002 873 1055 et
885 986 1116 1056 crudelissime
1138 988 1246 1072 periit.
1292 986 1457 1049 cederent
1508 1012 1564 1057 res
1586 992 1718 1057 ducum.
1763 990 1949 1057 isocmtes:
1972 989 2089 1062 erobs
2111 996 2369 1075 rarrtprirrciprurr
2378 1010 2493 1069 ormo,

473 1100 514 1141 an
535 1080 688 1156 Mnester,
711 1084 836 1163 quanta
859 1074 996 1155 clades,
1031 1073 1131 1161 quale
1159 1071 1359 1161 exemplum,
1375 1070 1454 1138 init!
1508 1077 1589 1141 iales
1609 1084 1681 1140 rant
1698 1097 1797 1138 mores
1813 1076 1937 1159 popuii.
1991 1076 2099 1144 Etiam
2125 1096 2191 1145 noa
2225 1077 2383 1145 Germani
2414 1098 2493 1166 pro·

473 1186 672 1253 quamquam
693 1184 761 1229 non
785 1184 907 1248 nrcgna
928 1160 1099 1229 mtdtitudo
1122 1160 1238 1245 periit,
1264 1172 1375 1223 tamen
1421 1159 1455 1224 ui
1508 1166 1659 1233 rerbium
1681 1164 1856 1241 babemus,
1873 1184 1959 1224 menn
1983 1164 2041 1226 der
2057 1164 2121 1227 att
2142 1165 2197 1225 die
2211 1164 2333 1247 wrtrffel
2346 1168 2492 1252 mffleqt,

472 1252 654 1337 perierunt,
676 1246 907 1329 miserabiliter
928 1248 1109 1332 perierunt,
1130 1258 1165 1312 et
1184 1242 1244 1310 sun
1266 1243 1333 1311 hoc
1350 1179 1454 1310 muita
1508 1272 1545 1313 ro
1566 1253 1609 1311 ist
1631 1250 1701 1312 dnn
1723 1249 1863 1312 Conomt
1885 1248 2006 1312 alandt
2026 1272 2063 1313 za
2079 1250 2208 1335 spicios.
2252 1250 2406 1315 Monucdi
2426 1258 2494 1317 imi·

472 1338 616 1417 tristiuS,
637 1337 727 1423 quod
750 1334 842 1401 multi
864 1337 897 1400 in
910 1334 1106 1419 turpissimis
1119 1331 1262 1420 negotiis
1273 1332 1457 1417 perierunt,
1509 1344 1618 1399 tantur
1638 1356 1737 1398 mores
1758 1339 1808 1398 nti
1818 1336 1958 1399 Abdutie.
2001 1336 2221 1417 ltem,Quoles
2241 1346 2313 1401 ruat
2334 1339 2494 1417 mnas,

472 1428 520 1487 rie
540 1423 639 1486 daim
662 1423 724 1484 ciel
742 1423 849 1484 dorm
870 1421 982 1483 sardon
1001 1420 1242 1501 fiiryenonnncn·
1288 1416 1362 1484 ch
1383 1415 1455 1484 bto·
1510 1424 1589 1487 rates
1606 1430 1677 1485 ruat
1699 1422 1849 1485 catellae:
1869 1428 1929 1484 wie
1949 1425 2000 1484 ein
2017 1424 2101 1486 Hm
2122 1428 2175 1495 ist,
2197 1445 2234 1487 eo
2255 1428 2299 1486 ist
2319 1445 2397 1511 regn
2417 1428 2493 1511 doffi

472 1510 691 1575 nastes-tensis
713 1510 865 1594 peccauit
887 1504 1110 1594 multipliciter
1131 1507 1164 1570 in
1186 1505 1270 1583 hnc,
1298 1503 1388 1589 quod
1417 1520 1456 1567 se
1508 1508 1564 1571 idr
1585 1508 1672 1571 deind
1691 1508 1891 1591 punici-cn,
1919 1510 2052 1597 quando
2086 1508 2171 1577 tales
2203 1520 2282 1577 sunt
2308 1513 2493 1599 principes,

472 1594 654 1701 appellavit
675 1614 788 1681 regem
810 1596 843 1660 in
865 1591 989 1679 templo
1011 1591 1087 1671 Dei,
1108 1586 1312 1657 horribiliter
1333 1608 1455 1675 pecea-
1509 1592 1616 1682 qualis
1639 1592 1700 1660 tuit
1721 1594 1823 1674 Nero,
1845 1592 1963 1681 quales
1985 1598 2051 1663 sint
2073 1616 2185 1662 mores
2207 1597 2428 1665 subditorum.
2446 1598 2496 1664 Er

473 1696 532 1761 vti,
577 1683 644 1747 nod
667 1682 758 1745 duxit
779 1679 902 1746 multas
921 1698 1041 1761 uxores
1053 1726 1065 1756 ,
1099 1691 1131 1743 et
1160 1698 1259 1742 unam
1282 1676 1455 1763 gravidam
1509 1686 1554 1747 ist
1574 1678 1662 1743 nicdt
1681 1690 1809 1763 prouer-
1829 1683 1929 1763 anstai
1949 1684 2019 1763 oaff
2031 1682 2153 1763 Erden,
2176 1682 2225 1745 aa
2246 1684 2301 1746 die
2321 1688 2381 1747 zois
2401 1686 2494 1775 Nero

472 1703 646 1835 interiecit.
691 1766 816 1833 Hamm
839 1786 948 1832 renni.
971 1763 1374 1829 memoriaconsertanda
1392 1769 1457 1839 est,
1508 1772 1551 1829 ist
1571 1788 1719 1849 praesen.
1763 1768 1832 1833 lam
1855 1787 1921 1833 non
1944 1780 1996 1833 est
2019 1780 2111 1834 tanta
2142 1771 2335 1857 turpitudo,
2368 1782 2494 1859 quanta

473 1864 509 1919 ut
531 1850 806 1921 commonefaciat
827 1872 909 1931 nos,
941 1864 977 1917 ut
1009 1850 1114 1915 simus
1147 1848 1389 1919 modestiores,
1423 1856 1458 1911 et
1508 1852 1569 1920 init
1591 1866 1740 1939 tempore
1767 1853 2024 1940 Apostolorum:
2057 1874 2258 1943 quamquam
2289 1878 2381 1923 nunc
2412 1872 2494 1926 sunt

472 1958 665 2024 precemur,
695 1956 739 2003 ne
761 1940 857 2004 Deus
880 1939 968 2005 sinat
989 1956 1052 2003 nos
1076 1936 1223 2001 incidere
1243 1936 1277 2000 in
1299 1932 1385 1999 talea
1407 1930 1457 1997 iu·
1509 1939 1631 2006 alicubi
1654 1958 1796 2028 magnae
1818 1940 2172 2027 turpitudines,tamen
2187 1963 2255 2008 non
2278 1954 2331 2010 est
2352 1945 2399 2010 ltu
2419 1946 2493 2011 unl-

472 2048 582 2106 rores,
604 2047 637 2086 er
659 2024 749 2105 durff
763 2024 855 2103 aoid,
878 2025 954 2085 dass
975 2026 1034 2083 wir
1056 2022 1153 2089 detra.
1199 2019 1389 2086 SioPetnts
1411 2021 1457 2083 in·
1510 2024 1651 2092 versalis
1686 2028 1877 2110 turpitudo,
1912 2030 2000 2094 sicut
2032 2039 2112 2093 tuno
2145 2025 2215 2093 fuit.
2260 2028 2316 2092 Do
2336 2031 2415 2096 sind
2439 2032 2494 2095 die

474 2113 557 2197 quit:
579 2112 791 2173 Adversarius
813 2119 913 2172 uerter
935 2112 1079 2171 circumit
1095 2106 1309 2190 tannmmnleo
1320 2110 1456 2187 rapiens,
1508 2110 2072 2199 Ap051011h522k0„„m‚d0p40m
2100 2118 2147 2175 ,ἡ
2165 2116 2368 2198 θυρωροῖς
2391 2138 2494 2184 vene,

472 2198 565 2277 item,
587 2196 751 2264 Dominus
767 2200 872 2285 iuquit
904 2198 947 2262 ad
969 2194 1120 2262 Petrum:
1159 2192 1314 2256 Diabolus
1335 2194 1457 2275 expeti·
1480 2232 1487 2295 Ι
1509 2208 1586 2264 runt
1607 2201 1640 2265 in
1663 2195 1740 2265 illus
1762 2201 1939 2280 tenebras,
1963 2212 1996 2264 et
2018 2200 2258 2287 turpitudines,
2291 2214 2325 2269 et
2357 2224 2401 2269 ex
2434 2203 2517 2272 ilis·

471 2286 518 2345 vit
539 2307 606 2364 vor,
629 2291 662 2346 at
685 2285 838 2347 cribraret
858 2305 915 2346 cor
936 2285 1017 2344 sicat
1047 2284 1202 2361 triticum,
1236 2280 1293 2342 sed
1314 2298 1373 2361 eqo
1390 2300 1455 2361 pro
1509 2282 1715 2352 multitudine
1742 2286 1913 2371 inquinata
1940 2282 2151 2372 collegerunt
2178 2286 2379 2357 Ecclesiam.
2423 2290 2493 2358 iam

472 2372 698 2454 irrogavisse
720 2370 1043 2453 deficiatfideetna.'
1069 2368 1226 2433 Ostendit
1247 2367 1346 2432 nobis
1368 2384 1455 2453 opus
1510 2372 1657 2457 cogitate
1688 2373 1881 2437 immensam
1915 2372 2096 2439 bonitatem
2117 2372 2181 2439 Dei
2193 2423 2205 2455 ,
2239 2378 2330 2461 quod
2363 2372 2492 2467 colligit

472 2478 551 2524 esse
573 2459 680 2545 ipsius
703 2457 948 2545 deprecatione.
993 2454 1074 2521 item
1097 2454 1190 2521 dicit:
1220 2452 1329 2532 Orate,
1351 2472 1388 2514 nc
1411 2454 1456 2513 irr-
1508 2454 1693 2525 Ecclesiam
1716 2478 1758 2523 ex
1780 2468 1872 2523 tanta
1888 2456 2011 2526 malitia
2040 2463 2174 2549 generis
2197 2460 2353 2541 humani,
2383 2476 2417 2528 et
2444 2478 2492 2530 ta·

472 2549 564 2607 tretis
585 2548 617 2605 in
642 2552 859 2608 irritationem:
881 2542 942 2605 dor
963 2548 1006 2603 ist
1034 2543 1076 2606 de
1105 2543 1238 2628 poenisr
1264 2560 1326 2601 trun
1348 2538 1456 2621 iorapt
1508 2564 1583 2611 rnen
1617 2542 1782 2625 affirmat,
1815 2546 1904 2631 quod
1942 2548 2049 2633 gratis
2082 2548 2228 2614 habeant
2262 2550 2493 2616 remissionem

472 2632 643 2697 sccundus
665 2629 775 2711 locus,
797 2634 839 2698 dc
861 2631 1036 2697 vocatione
1060 2630 1216 2715 gentium.
1507 2644 1736 2717 peccatorum:
1759 2632 1825 2694 aad
1837 2629 1960 2696 Paulus
1976 2642 2060 2716 sapt,
2086 2632 2176 2696 iales
2192 2656 2248 2697 eor
2265 2638 2389 2715 lirinis,
2410 2656 2493 2699 nune

1508 2726 1610 2780 cratem
1632 2719 1733 2781 adlati
1753 2726 1784 2780 et
1805 2720 1996 2797 sorcetifieutt'
2016 2724 2101 2784 eatis.

671 2826 755 2913 De
796 2858 816 2911 S
830 2856 853 2909 e
870 2827 1021 2911 eund
1035 2856 1061 2909 0
1107 2824 1239 2907 1000
1595 2804 1689 2871 llaec
1720 2806 1913 2891 magnitudo
1946 2817 1980 2870 et
2011 2808 2218 2873 immensitas
2239 2809 2493 2875 misericordiae

1173 2912 1183 2949 r
1241 2886 1250 2904 '
1509 2889 1573 2957 Dei
1595 2892 1801 2976 conspicitur
1822 2893 1855 2956 in
1879 2893 2054 2957 vocatione
2076 2895 2233 2980 gentium.
2278 2894 2352 2956 Dar
2368 2895 2494 2957 soitidr

560 2973 703 3043 Mirabili
727 2972 868 3040 consilio
879 2974 943 3042 Dei
966 2986 1109 3065 vagatttr
1121 2970 1276 3036 Ecclesia
1298 2982 1331 3035 ct
1348 2968 1456 3037 Evan·
1509 2978 1611 3039 lectica
1630 2977 1819 3050 ostracites,
1842 2997 1927 3037 werin
1951 2998 2021 3039 man
2043 2989 2116 3063 sapt
2138 2981 2180 3044 de
2204 2982 2384 3046 vocatione
2411 3002 2493 3068 gen·

473 3062 595 3153 guliunr
618 3086 678 3151 per
702 3083 809 3151 genus
838 3063 1036 3142 humanum,
1072 3070 1103 3124 ct
1136 3056 1196 3122 illa
1219 3079 1274 3121 res
1293 3070 1346 3122 est
1366 3060 1456 3143 picta
1509 3067 1598 3129 tium.
1654 3063 1838 3150 Utrumque
1875 3075 1928 3129 est
1971 3062 2320 3151 incomprehensibile:
2367 3068 2492 3156 magni-

345 3212 349 3221 .
471 3154 504 3217 in
527 3152 692 3231 historia,
727 3170 825 3239 quam
859 3170 961 3236 saepe
983 3148 1088 3215 recito
1112 3146 1152 3209 dc
1175 3146 1265 3210 exitu
1288 3142 1390 3209 israel
1413 3164 1456 3209 ex
1509 3153 1589 3217 turio
1612 3169 1807 3237 poenarum,
1828 3152 1869 3215 de
1891 3172 1957 3237 qua
1980 3153 2072 3236 prius
2106 3153 2196 3232 dixi,
2229 3163 2263 3219 et
2295 3154 2491 3259 magnitudo

471 3240 647 3327 Aegypt03
670 3244 804 3324 quondo
827 3250 929 3303 noctu
952 3236 1102 3302 transivit
1126 3231 1289 3297 Dominus
1306 3252 1368 3317 per
1390 3231 1456 3296 Ac·
1480 3274 1485 3296 .
1508 3238 1769 3316 misericordiae,
1793 3238 1835 3302 de
1853 3258 1920 3324 qua
1950 3258 2039 3304 nuno
2062 3239 2144 3303 dico.
2189 3238 2256 3304 Sed
2288 3241 2369 3325 quia
2401 3238 2492 3309 rllnm

473 3337 633 3415 gyptum‚
663 3337 696 3389 et
728 3322 892 3389 interiecit
925 3326 1035 3389 omnia
1057 3319 1278 3407 primogenita
1301 3317 1456 3405 Aegypti,
1479 3375 1484 3435 Ι
1508 3324 1763 3411 magnitudinem
1787 3344 1882 3389 urens
1904 3322 2047 3389 humana
2070 3345 2137 3390 non
2162 3328 2269 3411 capit,
2291 3327 2367 3391 ideo
2390 3324 2492 3415 negli-

472 3425 506 3478 et
525 3412 673 3499 pepercit
695 3408 772 3489 iliis,
805 3412 861 3475 ubi
894 3407 994 3475 limen
1028 3421 1100 3475 crat
1129 3424 1346 3491 conspersum
1379 3424 1455 3469 san·
1507 3412 1567 3497 git,
1589 3408 1625 3474 iit
1647 3408 1828 3475 remissior.
1873 3408 2031 3495 Sequitur
2053 3412 2217 3498 quaedam
2239 3413 2374 3500 ignaria
2396 3426 2491 3481 etra-

472 3500 573 3586 guine
596 3499 685 3583 agni.
730 3495 826 3561 Deus
854 3497 973 3561 transit
1000 3516 1061 3581 per
1088 3504 1192 3557 totum
1214 3511 1321 3579 genus
1343 3488 1456 3554 huma·
1507 3497 1642 3577 missio,
1664 3498 1741 3584 qnia
1762 3497 2018 3583 magnitudinem
2041 3519 2226 3583 poenarum
2248 3510 2281 3564 et
2301 3499 2491 3567 misericor·

471 3602 563 3662 num,
585 3582 791 3648 horribiliter
836 3585 904 3648 unit
925 3583 1044 3667 impios
1080 3584 1112 3646 in
1146 3590 1216 3642 toto
1251 3596 1374 3665 genere
1397 3577 1457 3641 hu·
1509 3584 1582 3648 diae
1605 3584 1908 3669 comprehendere,
1937 3594 1971 3648 et
1997 3581 2186 3671 intelligere
2208 3606 2275 3650 non
2297 3606 2491 3668 possumus.

472 3689 584 3748 mano,
608 3681 642 3735 ei
663 3670 769 3755 parcit
790 3604 868 3742 iliis,
890 3670 944 3733 ubi
968 3681 1021 3734 est
1043 3664 1197 3731 Ecclesia
1220 3664 1399 3742 invocans,
1423 3672 1457 3728 ei
1507 3666 1631 3735 Tamen
1655 3671 1814 3735 debemus
1837 3671 1985 3734 excitare
2012 3684 2142 3736 mentes
2170 3674 2214 3735 ad
2232 3673 2492 3759 magnitudinem

472 3776 665 3844 agnoscens
695 3753 798 3820 filium
821 3774 954 3844 agnum.
1012 3754 1081 3815 ina
1102 3748 1321 3837 Evangelium
1343 3754 1385 3811 itt
1405 3768 1456 3830 9⁸·
1507 3752 1638 3822 illarum
1661 3776 1770 3821 rerum
1793 3757 2078 3821 considerandem.
2128 3756 2198 3819 Wir
2219 3757 2318 3820 rolicn
2346 3758 2437 3821 aicit
2455 3780 2490 3821 ro

472 3844 586 3924 lanifica
607 3863 668 3927 per
690 3862 797 3929 genus
821 3839 998 3907 humanum
1028 3835 1243 3916 mirabiliter,
1277 3850 1310 3901 et
1342 3839 1458 3922 punitc
1508 3840 1569 3904 toti
1586 3842 1652 3902 arrd
1672 3841 1752 3923 prob
1774 3863 1859 3924 ruys,
1882 3842 1948 3903 aad
1968 3842 2170 3923 yedcrrcdcn:
2203 3844 2239 3909 Si
2257 3864 2332 3910 sum
2351 3842 2490 3915 electus,

473 3942 527 3995 est
558 3929 759 4015 ingratitudo
794 3948 924 4002 eorum;
959 3930 1014 4013 qui
1049 3942 1225 4013 postquam
1258 3925 1457 3988 audiverunt
1509 3929 1594 3992 bene
1617 3930 1743 4003 reniet3
1775 3930 1805 3991 ε’.
1837 3947 1905 3992 non
1939 3950 2011 3992 surn
2040 3925 2189 4009 electus,
2221 3928 2302 3995 nibil
2335 3930 2490 3999 efficitur.

473 4012 705 4101 Evangciium,
727 4016 822 4079 abusi
846 4024 924 4079 sunt
957 4011 1131 4091 libertate,
1168 4013 1322 4075 rixerunt
1348 4011 1380 4074 in
1404 4028 1458 4073 sc·
1507 4010 1606 4076 Nicia
1628 4014 1706 4078 ciro.
1751 4011 1832 4078 lllaa
1855 4014 2074 4101 cogitationes
2098 4018 2320 4083 suntomnino
2344 4020 2490 4083 reiioien·

474 4104 629 4183 caritate,
650 4103 682 4166 in
703 4102 881 4180 caecitate,
903 4103 936 4164 in
964 4111 1154 4184 contemptu
1178 4098 1259 4171 Dei3
1292 4110 1348 4178 et,
1381 4097 1458 4183 quia
1509 4101 1582 4166 dae.
1627 4098 1721 4165 Deus
1754 4100 1894 4165 instituit
1926 4101 2161 4180 ministerium
2204 4099 2274 4168 vult
2304 4124 2370 4168 nos
2404 4102 2491 4169 allici

472 4188 568 4254 Deus
591 4187 663 4255 ruit
682 4186 809 4252 habere
831 4185 1070 4255 haereditatem
1092 4207 1135 4252 ex
1158 4204 1283 4272 genere
1300 4183 1459 4264 humano,
1509 4187 1779 4252 consideratione
1799 4188 1849 4249 sui
1872 4186 2336 4265 verbiconrnmnioationeet
2352 4192 2491 4277 promis·

472 4276 624 4359 pervenit
646 4275 689 4339 ad
711 4270 807 4338 alios.
1508 4274 1615 4339 sione.
1660 4272 1732 4334 llas
1753 4276 1796 4334 ist
1819 4275 1860 4337 de
1882 4276 2060 4341 vocatione
2127 4278 2238 4341 ntium.

418 4412 422 4419 .
458 4386 467 4403 ν
559 4356 699 4445 Quoties
731 4371 840 4425 autem
874 4360 993 4425 dicitur
1025 4361 1068 4425 de
1096 4360 1274 4425 rocaduno
1297 4326 1485 4443 gentium,¹
1594 4356 1646 4423 Ex
1667 4356 1724 4424 illa
1745 4360 1915 4446 inquinata
1937 4357 2087 4426 multitud
2100 4382 2142 4426 ne
2163 4360 2258 4427 Deus
2281 4358 2412 4449 colligit
2431 4360 2492 4429 Eo·

472 4448 602 4512 debetis
627 4446 841 4512 considerare
864 4445 1068 4530 doctrinam,
1102 4444 1193 4531 quod
1226 4446 1292 4511 fide
1320 4454 1458 4531 propter
1509 4442 1662 4526 olesiam,
1692 4444 2084 4532 tt'tceraiesapr.·1re
2113 4450 2147 4511 in
2175 4447 2329 4527 διεξόδους
2351 4452 2493 4529 cianus,

471 4520 677 4599 illidun'Dei
700 4533 806 4621 gratis
829 4534 1040 4616 recipiamur,
1062 4544 1094 4597 et
1117 4533 1262 4599 donetur
1283 4533 1381 4596 trabis
1405 4552 1456 4597 re·
1506 4533 1541 4597 id
1564 4544 1629 4611 est,
1651 4534 1684 4597 in
1708 4533 1861 4597 diversas
1884 4532 1973 4610 rias,
2007 4532 2085 4616 oaff
2106 4536 2194 4599 diere
2221 4534 2289 4599 und
2310 4536 2382 4601 iene
2403 4538 2491 4603 rua.

471 4619 588 4686 missio
612 4631 837 4705 peccatorum,
860 4621 902 4683 im
919 4619 1041 4684 nudatio
1062 4619 1208 4684 iustitiae
1237 4630 1270 4685 et
1293 4619 1379 4683 vitae
1401 4638 1456 4684 ae·
1479 4607 1483 4667 l
1508 4619 1556 4684 ibi
1579 4614 1800 4706 collegerunt,
1823 4626 1978 4703 quotquot
2003 4620 2209 4700 insumant,
2236 4618 2337 4687 botros
2364 4630 2399 4687 et
2425 4643 2492 4687 mu·

471 4718 587 4773 ternae
608 4716 745 4793 propter
765 4704 885 4771 Fdium
943 4705 972 4769 ei
995 4705 1119 4791 gratis,
1139 4726 1207 4770 nou
1234 4718 1372 4791 propter
1394 4725 1454 4773 no·
1478 4698 1482 4789 1
1507 4707 1565 4772 ios.
1611 4703 1685 4769 iioc
1708 4716 1759 4770 est
1781 4707 1879 4771 etiam
1903 4706 2145 4787 testimonium,
2168 4710 2257 4794 quod
2279 4708 2313 4772 in
2334 4704 2493 4775 Ecclesia

448 4805 576 4857 stram
598 4794 630 4860 di
680 4793 802 4858 'tatem
847 4791 1029 4876 Proponite
1042 4792 1138 4856 vobis
1152 4788 1304 4871 Roaiam,
1327 4800 1384 4856 aut
1406 4792 1454 4857 in·
1477 4798 1482 4843 Ι
1507 4788 1600 4858 multi
1623 4793 1690 4857 sint
1712 4810 1778 4858 non
1802 4792 1922 4871 sancti,
1945 4812 2007 4860 seu
2029 4811 2094 4857 non
2118 4793 2234 4859 renati.

471 4880 607 4945 tuemini
660 4878 825 4946 orinthum
853 4892 918 4944 tem
943 4897 1004 4943 ora
1033 4874 1139 4943 Pauli.
1184 4876 1272 4952 erid
1300 4877 1362 4944 init
1389 4890 1455 4944 tur·

470 4964 545 5050 pius
568 4978 601 5031 et
622 4962 877 5032 abominabilius
933 4963 1058 5030 erone'i
1078 4962 1184 5031 Huius
1207 4961 1341 5031 scelera
1361 4961 1455 5031 multi
1851 5022 1860 5040 ,
2157 5025 2165 5042 ‚

471 5048 525 5119 alii
544 5053 651 5119 secuti
674 5063 763 5133 sunt,
786 5063 821 5117 ut
838 5064 893 5117 est
913 5051 946 5117 in
971 5070 1090 5117 versu:
1782 5021 1892 5125 Quid
1923 5035 1986 5107 est
2015 5021 2222 5107 Ecclesta?

599 5172 731 5235 Scilicet
752 5176 786 5234 in
808 5173 917 5254 adpro
937 5178 1066 5234 manunt
1083 5172 1226 5254 exenrpio
1247 5179 1421 5255 repertam.-

599 5257 699 5341 Rapis
721 5260 766 5321 od
786 5260 958 5340 mmm
976 5267 1062 5322 ,om
1079 5263 1275 5342 cmm-,m
1292 5261 1387 5326 orb„
1593 5223 1735 5290 Nescire
1768 5221 1989 5293 definitionem
2011 5220 2187 5289 Ecclesiae
2219 5220 2393 5312 aliquanto
2426 5238 2492 5293 tur·

556 5396 657 5465 item:
1505 5322 1998 5480 iidiiaesvttiritidaridbiinpidirii
2018 5311 2409 5482 ppppcpuppltrppppsgtpp
2425 5312 2492 5487 guod

603 5520 708 5605 thue
727 5520 839 5583 ducunt
861 5520 957 5583 atum
978 5522 1138 5581 demorer
1153 5526 1262 5581 carco
1277 5525 1456 5601 sequacior·
1507 5483 1817 5649 mmsffifoeig
1835 5484 2066 5651 2213&ss
2086 5484 2384 5639 &affliget
2392 5504 2491 5643 'mii

561 5658 632 5723 Wie
653 5662 718 5763 εἰμὴ
730 5656 828 5722 Volet
848 5678 931 5721 naas
952 5658 1106 5742 njeepn,
1135 5676 1221 5720 cem
1242 5674 1313 5720 mcor
1331 5652 1456 5737 moidic-
1478 5648 1485 5732 l
1508 5655 1705 5725 assarta.
1749 5652 1986 5742 Unusquillbet
2008 5656 2109 5723 debet
2135 5676 2214 5723 esse
2241 5658 2325 5724 civis
2346 5656 2489 5727 dicum
