5934 6709
473 665 542 737 tta
1109 661 1221 729 curu.
1244 661 1351 730 tun
1378 659 1570 751 somrrn
1591 659 1859 729 amoenos.
2094 702 2109 717 ,
2429 665 2497 732 aa

474 853 717 942 opitulatorem.
771 852 864 919 Haec
897 866 949 920 est
980 855 1131 919 doctrina
1166 854 1307 918 unanime
1340 872 1456 920 neces·
1509 849 1568 917 lob
1590 851 1651 916 ait:
1672 855 1813 919 Etiamsi
1829 855 1954 920 oraaat
1974 870 2035 935 ate,
2056 854 2186 919 tterabo
2203 854 2239 919 ia
2260 872 2350 919 eum:
2372 854 2405 918 id
2429 865 2498 936 est,

475 944 577 1020 saria,
600 960 698 1027 quam
721 951 852 1024 oportet
872 939 1008 1005 infixam
1030 960 1108 1004 esso
1129 941 1302 1006 mentibus.
1510 938 1572 1002 esti
1595 937 1745 1004 differtur
1766 937 1939 1018 liberatio,
1973 940 2038 1003 etsi
2060 939 2124 1002 iam
2147 940 2198 1003 sic
2225 942 2349 1005 nroriar
2371 943 2405 1003 in
2427 940 2499 1006 hac

562 1028 659 1094 Hane
700 1022 961 1092 consolationem
994 1026 1126 1091 Ethnici
1157 1047 1225 1091 non
1257 1025 1456 1105 habuerunt,
1510 1021 1698 1091 calamitate
1720 1037 1753 1090 et
1774 1024 1919 1102 misula,
1938 1035 2047 1089 tamen
2070 1044 2136 1088 non
2160 1023 2323 1104 deficiam,
2346 1046 2413 1090 noo
2437 1025 2498 1092 de·

475 1116 532 1203 qui
554 1125 663 1179 tamen
685 1112 856 1177 sciverunt
879 1133 1034 1199 maguum
1063 1113 1240 1176 discrimen
1269 1130 1346 1177 esse
1368 1113 1456 1176 iuter
1509 1111 1670 1193 sperabo,
1703 1131 1769 1176 nou
1791 1111 1946 1195 incipiam
1969 1108 2182 1189 stomachari,
2216 1123 2249 1175 et
2271 1108 2414 1176 irenrere
2435 1112 2499 1177 ad·

467 1199 579 1278 mala,
617 1201 649 1263 in
689 1199 810 1283 quibus
850 1197 1013 1263 habemus
1045 1199 1167 1263 bonam
1201 1199 1456 1263 conscientiam
1509 1215 1629 1260 versus
1651 1195 1777 1262 Deum:
1819 1200 2035 1263 Verumtamen
2057 1218 2168 1264 coram
2200 1218 2238 1263 eo
2264 1217 2402 1279 arauaat
2424 1200 2500 1267 oiaa

474 1290 530 1354 Aa
551 1289 595 1352 do
628 1292 732 1350 cirtem
759 1296 859 1365 putea
888 1291 985 1351 tlarm
1005 1288 1089 1351 hotta
1116 1287 1186 1350 uad
1199 1288 1273 1366 hoff
1290 1286 1457 1365 uibrauit,
1508 1302 1614 1361 mear,
1649 1293 1682 1348 et
1710 1284 1784 1368 ipae
1815 1291 1881 1349 erat
1900 1285 2050 1348 Salvator
2074 1304 2171 1349 matr.
2221 1288 2304 1349 Nara
2320 1288 2502 1367 hypocrita

474 1375 578 1440 daran
599 1391 639 1438 ar
659 1374 747 1437 atctd
768 1374 887 1437 urrach
904 1372 1007 1451 oeten
1024 1374 1099 1438 dat:
1122 1382 1154 1435 ct
1176 1373 1260 1435 inter
1283 1366 1339 1435 illa
1357 1367 1456 1448 mala,
1509 1388 1574 1433 aaa
1594 1372 1733 1436 mutabit
1753 1390 1863 1435 coram
1890 1390 1939 1435 eo.
1993 1372 2042 1435 Er
2069 1378 2151 1435 setst
2182 1371 2251 1435 aier
2282 1374 2376 1435 atttclr
2410 1370 2503 1441 nari

475 1462 521 1525 da
541 1459 792 1525 eiaasanciarn
806 1459 1042 1522 conscientiam
1058 1457 1125 1536 hart,
1148 1458 1205 1522 uhi
1221 1457 1285 1520 scit
1302 1457 1457 1522 accidere
1509 1458 1678 1521 einander.
1724 1454 1867 1519 Primum
1890 1466 1957 1520 est:
1989 1457 2315 1538 Voloretiaarespom
2336 1459 2502 1540 callidem,

475 1563 538 1609 sua
561 1541 660 1626 culpa
682 1540 739 1607 illa
760 1542 858 1621 mala,
893 1555 927 1608 et
948 1563 986 1609 se
1007 1545 1233 1629 promeruisse
1261 1539 1366 1632 illam⁸
1378 1562 1457 1626 poe·
1509 1560 1573 1605 aaa
1595 1545 1663 1607 colo
1681 1546 1802 1628 stauai
1825 1561 1939 1607 mora:
1967 1540 2067 1620 item,
2091 1549 2154 1608 etsi
2173 1545 2359 1623 benefitium
2380 1562 2502 1628 corpo-

474 1651 564 1696 uam.
608 1630 661 1695 De
678 1627 744 1693 illis
769 1630 998 1695 benedictum
1021 1642 1088 1695 est:
1509 1631 1580 1692 rata
1601 1647 1666 1692 aaa
1684 1648 1852 1712 assequar,
1874 1637 1982 1694 taataa
2004 1628 2173 1711 rptrttuate
2194 1638 2283 1694 carta
2309 1648 2383 1695 arara
2403 1650 2501 1698 aas&

562 1719 625 1783 Eat
643 1716 766 1798 alipdd
787 1719 915 1798 mapaia
934 1718 1056 1782 criruea
1078 1718 1191 1781 adeam
1205 1714 1318 1781 arath:
1339 1714 1371 1778 id
1394 1724 1457 1793 est,
1507 1722 1649 1779 cuturur.
2212 1764 2217 1774 .

475 1798 559 1867 lenit
581 1801 732 1867 dolorem
755 1804 844 1866 bona
862 1803 1078 1868 conscientia.
1127 1799 1181 1865 Dc
1204 1799 1255 1865 his
1279 1820 1359 1866 vero
1380 1820 1456 1865 scu·
1594 1798 1635 1862 11.
1654 1799 1849 1864 Adversarii
1863 1799 1929 1881 lob
1954 1799 2155 1864 obiiciebant
2173 1800 2216 1879 ei,
2248 1801 2417 1866 dicentest
2439 1798 2496 1869 Tu

474 1888 574 1954 timus
596 1908 713 1954 omnes
729 1888 969 1953 esse'sancium
982 1887 1229 1965 conscientiam,
1251 1883 1327 1950 sola
1346 1886 1456 1950 autem
1508 1885 1656 1949 nreruisti
1687 1884 1776 1950 hano
1808 1906 1967 1969 poenam,
2002 1888 2057 1952 dir·
2080 1889 2246 1967 praedicit
2277 1890 2357 1953 adea
2389 1891 2496 1970 meae,

474 1971 630 2040 Ecclesia
662 1974 728 2037 scit
748 1970 856 2038 Deum
885 1970 972 2038 velle
1005 1974 1129 2039 mederi
1162 1975 1315 2059 utrisque
1348 1968 1457 2050 malis,
1507 1970 1666 2055 plecteris
1690 1972 1786 2036 iuste
1818 1994 1839 2037 a
1871 1971 1956 2036 Deo.
2011 1971 2206 2056 Respondet
2222 1969 2311 2039 ‘illex
2349 1972 2419 2038 Vos
2437 1994 2498 2041 me

476 2063 537 2125 sed
571 2061 749 2144 requiritur
782 2061 974 2138 conversio,
1007 2060 1132 2139 idest,
1158 2069 1203 2134 ,ut
1232 2076 1455 2145 agnoscamus
1509 2077 1576 2120 non
1605 2058 1745 2141 potestis
1775 2078 1933 2145 urguere3
1966 2059 2044 2145 quia
2076 2057 2122 2123 sui
2155 2061 2274 2124 doctor
2303 2079 2406 2126 verae
2434 2060 2499 2127 do·

475 2157 661 2231 peccatum,
686 2142 916 2232 confugiamus
939 2147 982 2212 ad
999 2142 1117 2211 filiurn
1139 2143 1223 2225 Dei,
1251 2160 1283 2213 et
1305 2157 1456 2230 petamus
1511 2143 1657 2223 ctrinae,
1691 2156 1725 2208 et
1747 2144 1812 2210 vixi
1841 2147 1914 2209 sine
1936 2141 2082 2222 scelere;
2116 2147 2176 2209 sed
2210 2166 2323 2212 coram
2345 2143 2498 2214 Domino

475 2230 643 2298 auxilium.
1509 2249 1649 2315 arguam
1671 2228 1744 2294 vias
1766 2251 1876 2311 meas,
1908 2232 2033 2311 idest,
2067 2252 2181 2298 coram
2203 2231 2278 2299 Deo
2306 2228 2418 2299 fatcor
2440 2252 2499 2302 ma

562 2314 732 2402 Exempla
745 2314 846 2382 multa
865 2329 952 2382 sunt.
986 2315 1096 2383 David
1109 2317 1259 2400 praebuit
1276 2338 1343 2382 non
1355 2318 1458 2383 mino·
1510 2315 1596 2380 iuste
1617 2316 1736 2398 puniri.

479 2423 551 2468 rem
575 2406 788 2469 occasionem
816 2404 931 2468 ruinae
953 2406 1059 2490 regui,
1083 2425 1181 2489 quarn
1200 2401 1293 2468 Surrl.
1338 2401 1459 2469 Scelus
1596 2399 1650 2465 111.
1674 2401 1750 2488 lpse
1772 2403 1832 2467 erit
1845 2399 2003 2469 Salvator
2024 2423 2132 2469 meus:
2152 2402 2226 2489 Ego
2248 2403 2321 2470 scio
2339 2424 2394 2469 rue
2415 2422 2499 2473 esse

477 2490 549 2554 cius
573 2511 639 2554 nou
663 2489 724 2554 luit
746 2490 916 2576 exignum:
939 2493 987 2555 Er
997 2494 1072 2557 data
1091 2512 1129 2557 ao
1152 2493 1235 2556 aoid
1252 2493 1459 2566 rcrschaldet,
1511 2506 1602 2551 rcum
1626 2506 1740 2553 coram
1762 2486 1852 2553 Dent
1885 2489 1948 2553 sed
1981 2490 2052 2555 scio
2075 2490 2305 2554 retnissioncm
2325 2503 2359 2554 et
2381 2489 2497 2559 salva·

476 2578 555 2642 duaa
577 2597 615 2641 cr
636 2585 819 2642 reratoaaca
840 2579 952 2642 marae
973 2598 993 2640 u
1014 2596 1132 2661 regno,
1153 2573 1294 2640 utSaul.
1330 2574 1371 2639 Et
1393 2574 1459 2638 hoc
1509 2575 1632 2637 tionem
1677 2577 1883 2660 propositam
1928 2594 2007 2640 esse
2050 2575 2221 2641 confitenti
2266 2588 2299 2643 et
2332 2578 2496 2644 credenti.

477 2658 662 2745 exeurplum
685 2663 800 2726 metuit
817 2683 883 2726 non
907 2659 1042 2726 leviter:
1066 2675 1099 2726 et
1122 2662 1294 2747 cogitavit:
1318 2682 1355 2727 ea
1377 2665 1462 2728 rotrd
1510 2659 1605 2724 lianc
1628 2680 1668 2723 ea
1693 2661 1820 2726 corabo.

475 2749 530 2812 dtr
547 2751 653 2828 peteo
675 2754 735 2813 rote
756 2751 829 2813 dem
851 2745 948 2812 Saul:
982 2749 1042 2811 sed
1064 2760 1174 2812 tamen
1197 2767 1382 2812 conversus
1408 2759 1460 2812 est
1598 2745 1650 2810 tv.
1709 2768 1748 2810 os
1770 2747 1852 2811 estis
1874 2743 2088 2832 hypocritae,
2119 2748 2327 2812 confidentes
2358 2761 2497 2817 restrae

476 2833 521 2898 ad
543 2831 651 2897 Deum
660 2878 671 2910 ‚
706 2833 774 2918 egit
798 2833 1048 2916 poenitentiam,
1079 2848 1111 2898 et
1141 2836 1279 2897 interum
1301 2846 1458 2919 receptus
1509 2831 1662 2908 institiae,
1685 2853 1752 2897 rum
1775 2828 1998 2917 intelligentes
2025 2833 2208 2897 doctrinam
2231 2833 2325 2909 {idei3
2354 2836 2495 2901 nonin·

476 2931 530 2984 est
551 2939 572 2982 a
593 2915 670 2982 Deo
692 2931 725 2983 et
747 2920 920 2984 restitutus
944 2919 976 2982 in
1000 2939 1148 3007 regnum.
1198 2917 1384 2984 hienander
1406 2941 1458 2998 ca,
1511 2918 1637 2981 trahitis
1667 2938 1780 2981 coram
1809 2938 1860 2982 eo.
1917 2917 2007 2983 llaec
2040 2928 2110 2983 tota
2145 2920 2309 2984 sententia
2343 2934 2395 2985 est
2426 2942 2496 2988 uno

476 3025 562 3091 qnae
592 3007 728 3072 veniunt
761 3024 828 3068 non
864 3003 1030 3069 accersita
1062 3006 1188 3069 uostris
1218 3000 1458 3084 voluntatibus,
1508 3002 1595 3066 inter
1617 3003 1776 3086 optimam
1799 3016 1833 3069 et
1855 3005 1940 3069 inter
1963 3015 2108 3084 caetera,
2133 3010 2167 3070 ui
2190 3005 2266 3084 disi,
2288 3005 2391 3089 ,docet
2412 3028 2495 3089 uos,

476 3101 574 3155 vocat
596 3088 762 3171 adzo'para:
787 3110 930 3155 cavero
953 3110 1040 3176 quaa
1056 3091 1221 3156 accersita
1237 3102 1316 3157 sunt
1332 3091 1458 3157 nostris
1534 3087 1599 3153 uod
1621 3108 1688 3153 uon
1717 3089 1897 3156 debeamus
1920 3086 2030 3177 frangi
2054 3111 2165 3167 mora3
2192 3091 2267 3177 qnia
2292 3088 2387 3157 Deus
2417 3105 2495 3157 tau·

475 3172 716 3256 voluntatibus,
739 3186 839 3242 vocat
861 3177 991 3241 έκοιῐσια.
1043 3175 1210 3244 Homerus
1232 3188 1345 3257 vocat,
1374 3182 1459 3242 iata·
1509 3109 1584 3240 dem
1607 3173 1664 3239 dat
1685 3175 1807 3241 honam
1818 3174 1982 3256 horulam,
2004 3183 2058 3242 eta
2077 3183 2137 3262 pat
2156 3177 2328 3255 abacta,
2350 3186 2382 3240 et
2405 3197 2494 3245 vare

474 3282 590 3327 aaran
618 3261 717 3326 κακόν.
773 3260 831 3328 Sic
863 3282 945 3350 ergo
967 3260 1078 3328 David
1110 3266 1183 3350 ipsa
1216 3264 1280 3329 sibi
1314 3263 1459 3329 accersi·
1509 3280 1572 3326 nos
1595 3261 1746 3338 exaudit3
1776 3281 1844 3326 uon
1867 3258 2075 3328 obliviscitur
2096 3264 2219 3335 nostri,
2245 3265 2396 3328 numerat
2418 3260 2496 3329 stil-

475 3361 570 3415 varat
591 3368 737 3433 poenas3
760 3369 826 3413 non
849 3346 909 3415 init
932 3360 1108 3416 contentus
1130 3360 1226 3435 raptu
1246 3352 1373 3429 uxoris,
1396 3351 1458 3415 sed
1509 3344 1561 3425 las
1583 3343 1826 3434 lachrymarum
1848 3361 2048 3428 nostrarum,
2076 3350 2220 3416 afficitur
2237 3349 2362 3414 nostris
2379 3348 2493 3430 malis,

476 3432 655 3502 cumulavit
678 3432 820 3501 scelera.
875 3433 1046 3519 Recipitur
1078 3447 1187 3503 umen
1216 3457 1322 3524 agens
1345 3436 1458 3522 poeui-
1509 3433 1637 3499 etiamsi
1656 3431 1830 3500 differatur
1850 3432 2013 3501 liberatio.

474 3522 622 3586 tentiam.
1594 3518 1655 3584 Est
1685 3517 1782 3585 valde
1809 3523 1970 3588 concinne
1999 3522 2122 3587 dictum
2143 3542 2165 3587 a
2186 3518 2492 3587 Theocrito-aldai-

562 3604 620 3670 Sic
641 3604 810 3671 Manassis
839 3605 901 3672 suit
923 3605 995 3672 Rex
1017 3609 1155 3694 impius,
1182 3605 1350 3674 interfecit
1381 3628 1457 3692 pro·
1508 3611 1618 3695 itare.
1653 3604 1826 3688 Βραδίσται
1845 3607 1990 3694 μακάρων
2013 3598 2091 3694 olom
2108 3613 2206 3693 φίλαι,
2228 3606 2312 3674 a'iid
2334 3613 2494 3691 actitarat,

473 3688 592 3841 pheos
614 3689 748 3771 multos,
770 3691 905 3758 Esaiam
922 3712 1017 3759 serra
1035 3695 1197 3759 dissecari
1213 3696 1322 3774 iussit,
1343 3695 1457 3761 immo-
1507 3692 1541 3757 id
1564 3704 1634 3770 est,
1647 3730 1653 3741 ·
1666 3696 1776 3758 Harae
1798 3692 1865 3759 Dei
1895 3700 1971 3761 attat
1992 3697 2122 3774 tardae,
2150 3697 2212 3761 aad
2242 3697 2337 3762 vulda
2366 3696 2494 3761 deside-

509 3779 556 3842 vit
572 3775 661 3842 filios
684 3798 767 3843 suos
788 3775 886 3843 idolis
893 3825 904 3858 ,
936 3793 968 3844 et
986 3778 1052 3845 alia
1074 3778 1177 3845 multa
1205 3778 1335 3846 scelera
1364 3777 1455 3847 iecit.
1505 3788 1608 3845 ratae.
1659 3780 1715 3844 Sia
1740 3782 1886 3845 tonitura
1915 3784 2006 3847 wohl.
2051 3779 2235 3867 Significat,
2268 3783 2342 3848 aaa
2365 3784 2495 3849 tom

473 3861 598 3928 Postea
620 3874 673 3929 est
695 3865 860 3930 abductus
871 3865 905 3928 iu
917 3867 1149 3950 captivitatem,
1170 3878 1204 3932 et
1221 3868 1266 3932 ibi
1287 3868 1455 3932 aerumnis
1505 3885 1546 3931 aa
1567 3866 1696 3930 recator
1716 3875 1803 3948 aaut,
1837 3867 1900 3930 etsi
1926 3888 2020 3932 mora
2042 3886 2279 3951 nonnunquam
2300 3867 2492 3947 intervenit,

475 3947 564 4014 exilii
585 3962 619 4015 ct
641 3952 788 4015 carceris
801 3952 1096 4036 commonefactus,
1119 3954 1188 4038 egit
1205 3952 1455 4038 poenitentiam
1507 3962 1616 4014 tamen
1644 3947 1763 4014 liberat
1796 3953 1939 4016 taudem.
1995 3950 2164 4039 Propheta
2198 3954 2317 4038 inquit:
2360 3955 2495 4019 Venient

472 4055 583 4121 neque
604 4033 714 4102 solum
737 4048 893 4122 receptus
926 4049 978 4102 est
1000 4058 1020 4103 a
1041 4035 1117 4102 Deo
1144 4039 1359 4125 ingratiam,
1394 4040 1455 4104 sed
1506 4041 1615 4117 renat,
1637 4041 1669 4107 et
1690 4055 1755 4102 aaa
1776 4040 1926 4104 tardabit.
1971 4035 2029 4102 ilia
2052 4059 2250 4125 quamquam
2272 4037 2494 4105 Ethuicorum

473 4121 572 4187 etiam
595 4142 733 4189 carcere
764 4120 958 4202 liberatum,
992 4134 1026 4189 et
1046 4143 1152 4210 regno
1186 4126 1359 4191 restitutus
1392 4137 1454 4190 eat.
1507 4123 1595 4187 dicta
1633 4118 1726 4186 alunt
1764 4123 1999 4223 eruditionem,
2034 4137 2066 4190 et
2105 4124 2229 4189 habent
2267 4122 2493 4191 commonefa-

472 4206 667 4274 Statuamus
689 4210 790 4296 igitur
811 4210 920 4289 etiam,
943 4231 1019 4277 cum
1037 4212 1241 4277 conscientia
1259 4222 1312 4277 ost
1329 4212 1456 4292 saucia,
1507 4208 1637 4275 ctiones
1679 4209 1806 4288 bonas,
1847 4206 1945 4295 quale
1984 4212 2082 4276 etiam
2121 4221 2182 4276 est·
2207 4207 2289 4276 illud
2321 4208 2495 4279 'lbaocriti

472 4289 583 4360 Deum
606 4292 694 4362 veile
711 4316 776 4361 nos
800 4297 961 4377 converti,
991 4307 1024 4362 et
1049 4293 1135 4363 vello
1163 4297 1261 4362 nohis
1288 4298 1456 4364 remittere
1504 4292 1644 4382 sitvotp
1677 4299 1723 4378 λγ.
1778 4294 1932 4381 Eiusdem
1959 4295 2103 4362 autricum
2131 4295 2169 4363 τά
2192 4295 2285 4361 adta-
2318 4296 2494 4382 δυσσεβίω

472 4390 627 4464 peccam,
646 4392 680 4445 et
700 4403 766 4446 nos
787 4383 913 4449 iuvare.
1091 4418 1095 4426 ·
1506 4379 1582 4446 δὀὔ.
1626 4383 1722 4449 Fr‘tibr
1738 4390 1868 4467 plorata
1889 4389 2043 4460 meliora3
2061 4391 2229 4468 impiarum
2249 4402 2324 4450 aaa.

561 4467 642 4532 Alto
663 4470 742 4532 tbua
763 4471 845 4535 atach
866 4473 956 4536 diere
976 4489 1090 4536 aranea
1110 4473 1193 4539 [αα
1210 4474 1331 4536 aihta:
1354 4470 1454 4536 Audi·
1592 4468 1779 4535 Posteritas
1803 4468 1929 4554 piorum
1952 4468 2067 4547 floret,
2100 4472 2185 4535 etsi
2212 4469 2276 4556 ipsi
2297 4469 2365 4535 sint
2389 4472 2494 4535 casti·

473 4560 593 4618 verunt
615 4549 784 4618 Christum
816 4573 938 4618 sunaro
970 4552 1109 4636 multos,
1141 4559 1306 4622 accedunt
1338 4568 1371 4622 et
1392 4558 1455 4643 ipsi
1506 4554 1594 4639 gatit
1628 4567 1663 4619 ut
1689 4553 1848 4620 lonathae
1877 4557 2057 4641 posteritas
2079 4555 2186 4622 iloret.
2242 4554 2323 4620 ltem
2344 4554 2493 4646 εἰδυλλιφ

473 4637 517 4702 od
539 4657 627 4723 eum,
649 4639 800 4724 quamvis
821 4638 910 4704 haud
933 4641 1032 4705 dubie
1050 4643 1285 4707 conscientiam
1308 4644 1455 4710 sauciam
1506 4665 1529 4703 ι.
1552 4629 1637 4726 Εὗρε
1662 4639 1742 4714 &ric
1773 4639 1824 4704 riv
1852 4639 1986 4728 α’λιτρόν,
2021 4644 2098 4724 ἔχεις
2126 4642 2224 4706 πάλαι
2245 4630 2289 4705 aiv
2309 4646 2495 4723 tardauerat

471 4721 662 4804 habebunt,
693 4736 810 4811 petunt
843 4729 1067 4806 curationem,
1099 4738 1132 4791 et
1162 4740 1320 4795 curantur
1342 4730 1455 4811 etiam3
1506 4726 1631 4806 idest,
1667 4725 1793 4791 invenit
1825 4724 1922 4793 Deus
1954 4729 2128 4808 iniustum,
2160 4728 2266 4794 habes
2288 4729 2379 4815 quod
2404 4728 2494 4795 desl-

473 4811 536 4875 sed
556 4812 591 4877 iu
612 4811 737 4876 itinere.
1506 4812 1662 4877 derabas.
2037 4877 2042 4883 ,
2130 4870 2133 4874 .

1593 4896 1661 4963 Sed
1683 4897 1715 4962 iu
1748 4918 1850 4963 cruce
1884 4912 1915 4963 et
1939 4897 2177 4966 afflictionibus
2206 4898 2299 4966 multi
2320 4920 2390 4965 non
2413 4903 2495 4967 reti·

1506 4995 1586 5049 nent
1607 5005 1713 5071 spem,
1736 4998 1769 5048 ct
1791 4982 1905 5049 fidem:
1929 4985 2108 5071 desperant
2123 5008 2226 5072 parva
2248 4979 2495 5055 interveniente

1505 5090 1610 5137 mora.
1653 5070 1726 5136 Nos
1757 5069 1909 5155 exemplo
1937 5073 2073 5138 istorum
2100 5088 2275 5159 utrumqne
2303 5073 2493 5142 discamus:

690 5145 824 5247 Quare
855 5148 934 5228 hoc
963 5143 1116 5229 factum
1150 5144 1244 5229 esti
1505 5155 1660 5223 Sciamus
1693 5155 1802 5222 Deum
1835 5157 1958 5222 mederi
1991 5161 2089 5223 nobis
2122 5161 2155 5224 in
2188 5169 2330 5264 utroque
2364 5180 2494 5247 genera

803 5304 806 5308 .
1506 5241 1686 5322 malornm,
1720 5254 1849 5309 etcum
1884 5245 2000 5315 saucia
2027 5257 2079 5308 est
2101 5247 2323 5328 conscientia,
2355 5260 2492 5314 etcum

562 5325 605 5392 Ut
622 5340 835 5393 exerceretur
868 5347 982 5392 eorum
1015 5326 1110 5393 fides.
1166 5327 1251 5393 Hinc
1273 5328 1454 5408 discamus,
1505 5328 1585 5394 nihil
1606 5331 1705 5396 uobis
1727 5350 1842 5395 sumus
1865 5332 1990 5395 atrocis
2013 5329 2171 5398 iocinoris
2200 5335 2340 5399 couscii=
2370 5332 2493 5401 traina·

474 5415 607 5501 quando
646 5413 793 5479 differtur
831 5411 1005 5493 liberatio,
1043 5436 1085 5479 ne
1124 5412 1316 5481 deficiamus
1355 5414 1454 5482 fracti
1505 5416 1652 5481 sciamus
1675 5437 1740 5482 nos
1763 5417 1976 5481 noo-debere
1997 5414 2107 5505 frangi
2126 5440 2228 5485 mora.

473 5519 579 5566 mora.
611 5497 792 5566 Diacamus
814 5496 964 5586 regulam
987 5501 1139 5579 traditam
1160 5502 1194 5566 in
1215 5499 1302 5566 libro
1331 5501 1454 5567 iudith:

478 5589 540 5667 Oui
558 5588 640 5656 eta‘a
659 5606 726 5660 aot,
748 5593 803 5671 aut
819 5589 1047 5668 maerenda&
1066 5588 1205 5656 Domata
1224 5587 1370 5671 tmtpuai
1403 5586 1454 5656 lta
1486 5594 1493 5606 ’
