5934 6709
484 713 551 783 389

482 903 606 970 luctus.
651 901 727 968 Dar
748 902 831 966 heiat
858 900 955 978 allas,
982 899 1085 965 rectio
1107 896 1356 965 Locomotivae.
1399 899 1466 965 No·

484 1001 557 1054 stro
590 986 727 1053 Caesari
761 984 884 1052 Car-olo
906 985 949 1049 V.
985 987 1020 1050 in
1044 982 1152 1059 Gallia
1179 987 1366 1050 introducta
1394 997 1466 1051 erat

479 1076 518 1140 iu
540 1072 727 1141 cubiculum
749 1073 862 1159 virgo,
891 1093 991 1157 quam
1021 1073 1178 1137 intactam
1207 1073 1331 1136 remisit
1352 1073 1385 1136 in
1408 1093 1466 1156 pa·

483 1161 590 1239 triam,
613 1170 647 1225 et
670 1170 790 1243 postea
811 1169 914 1223 totam
935 1155 1027 1222 illam
1057 1178 1185 1237 arcam,
1212 1160 1246 1222 in
1268 1178 1335 1243 qua
1357 1157 1466 1223 inerat

482 1244 619 1330 hospes,
642 1241 819 1311 demolitus
842 1255 902 1310 est.

483 1574 702 1678 Quomodo
733 1574 782 1673 fit
809 1572 1034 1685 disciplina,
1078 1603 1151 1658 seu
1178 1574 1302 1658 rectio
1331 1574 1463 1660 Loco·

864 1730 1044 1811 motivae
1059 1730 1079 1810 ⁶?

566 1927 733 2013 Scipionis
765 1926 967 1991 continentia
1000 1941 1052 1993 est
1081 1930 1187 1994 rectio
1213 1922 1461 2009 Locomotivae,

479 2032 566 2101 quae
593 2012 630 2077 fit
659 2013 861 2098 cogitatione
889 2009 993 2099 legis,
1028 2026 1061 2079 et
1091 2013 1264 2080 voluntate
1293 2016 1462 2100 obtempe-

477 2110 586 2178 rante,
608 2110 642 2163 et
664 2098 845 2181 imperante
866 2100 999 2177 nervis,
1020 2111 1056 2164 nt
1077 2101 1128 2166 sic
1149 2101 1257 2166 cieant
1280 2097 1336 2164 vel
1357 2102 1462 2186 repri-

478 2198 572 2250 mant
595 2186 752 2249 membra.
808 2181 933 2251 Paulus
968 2198 1069 2252 vocat
1104 2207 1207 2292 opera
1234 2184 1330 2273 legis.
1385 2186 1462 2252 Nou

477 2270 627 2335 nominat
648 2271 802 2348 virtutes,
837 2271 925 2355 quia,
960 2274 1049 2355 quod
1072 2273 1191 2339 dicitur
1212 2274 1316 2337 virtus
1339 2271 1372 2335 in
1394 2293 1462 2338 non

477 2356 618 2433 renatis,
640 2366 693 2419 est
713 2354 814 2422 valde
836 2357 1026 2425 obscurum.
1062 2359 1172 2443 Opera
1193 2356 1349 2436 hominis,
1372 2359 1462 2445 cogi·

478 2443 580 2519 tatio,
612 2443 765 2507 actiones
798 2454 967 2529 utcunque
999 2436 1141 2530 intelligi
1173 2450 1326 2530 possunt.
1381 2441 1463 2509 Vult

477 2524 573 2592 Deus
596 2539 629 2591 te
650 2547 754 2592 nosse
775 2524 901 2612 legem,
935 2539 968 2595 et
991 2550 1032 2594 co
1060 2532 1195 2596 itatione
1224 2529 1310 2617 legis
1335 2526 1407 2594 vult
1428 2541 1462 2596 te

477 2614 644 2678 moderari
673 2616 834 2703 membra.
892 2612 1016 2679 Paulus
1036 2552 1159 2703 legem
1193 2618 1293 2681 roc'ot
1320 2617 1461 2694 literam,

378 2704 382 2713 '
477 2699 557 2848 poia
580 2699 741 2783 cogitatio
763 2712 815 2764 est
837 2695 954 2763 similis
976 2702 1128 2785 picturae
1149 2703 1182 2767 in
1206 2704 1357 2768 cerebro.
1394 2700 1463 2767 Cur

500 2784 574 2848 icit:
597 2784 715 2849 Litero
733 2784 878 2850 occidit?
922 2782 983 2850 llla
1004 2789 1164 2874 cogitatio
1186 2786 1272 2873 legis
1294 2790 1368 2854 sine
1386 2785 1462 2853 Deo

476 2868 826 2948 vivificante,·oocidit
847 2868 1028 2937 hominem:
1051 2886 1086 2939 ut
1098 2872 1211 2938 ludam
1229 2874 1352 2940 occidit
1374 2877 1463 2961 cogi·

476 2956 558 3021 tatio
579 2952 612 3020 le
638 2958 679 3042 is,
700 2958 882 3022 ostendens
899 2969 1089 3042 peccaturn3
1107 2960 1185 3044 quia
1207 2971 1259 3025 est
1282 2962 1355 3026 sine
1372 2964 1463 3046 agni·

476 3042 566 3106 tione
602 2978 660 3107 filit
682 3043 746 3107 Dei
780 3042 980 3109 viviticantis
1014 3043 1179 3110 hominem
1212 3066 1272 3177 per
1305 3048 1463 3131 Spiritum

476 3138 640 3194 sanctum.
686 3129 780 3201 Quae
803 3148 859 3193 res
880 3138 1048 3195 sustentat
1072 3128 1224 3196 Petrum.
1262 3129 1345 3197 Cum
1367 3130 1462 3197 Chri·

476 3225 552 3279 stus
576 3234 650 3280 eum
673 3217 817 3300 aspexit,
839 3215 950 3280 existit
971 3218 1004 3280 in
1016 3217 1126 3283 animo
1137 3217 1229 3282 Petri
1244 3219 1460 3303 poenitentia:

474 3300 538 3365 sed
560 3298 659 3366 simul
692 3313 746 3366 est
775 3303 806 3365 in
838 3321 879 3367 eo
910 3304 1068 3388 cogitatio
1102 3304 1144 3368 de
1167 3305 1363 3371 remissione
1384 3325 1460 3388 pec·

475 3396 636 3456 catorum.
680 3390 716 3452 ln
738 3384 796 3452 illa
817 3388 1019 3472 cogitatione
1042 3402 1095 3455 est
1123 3388 1244 3454 efficax
1272 3388 1360 3457 filius
1383 3389 1461 3471 Dei,

475 3484 509 3537 et
530 3471 676 3557 Spiritus
698 3484 837 3538 sanctus
859 3472 964 3538 efficit
984 3471 1153 3554 laetitiam,
1182 3486 1215 3544 at
1235 3471 1320 3541 tales
1339 3488 1461 3557 motus,

476 3555 587 3642 qualis
610 3569 662 3621 est
683 3558 765 3642 ipse.

563 3642 626 3707 Ubi
649 3654 701 3708 est
733 3645 834 3710 in.te
865 3646 993 3729 scripta
1020 3641 1100 3713 lex?
1129 3647 1186 3713 ubi
1220 3643 1302 3713 liunt
1335 3649 1459 3734 cogita-

472 3728 606 3794 tiones?
648 3728 686 3792 ln
713 3730 866 3795 cerebro.
922 3729 1036 3797 Litera
1068 3742 1121 3797 est
1154 3733 1310 3837 quiddam
1338 3735 1461 3820 pictum

473 3817 508 3879 in
532 3817 691 3893 cerebro,
714 3826 747 3878 et
767 3835 833 3879 non
869 3828 922 3880 est
954 3817 1111 3965 ‹piddam
1142 3839 1255 3885 vivum
1289 3820 1322 3885 in
1345 3821 1459 3901 corde.

474 3898 529 3965 Ad
552 3897 682 3964 literam
699 3903 842 3984 pertinet
863 3902 969 3988 discip
984 3905 1047 3971 ina
1093 3904 1224 3971 iuterim
1245 3927 1305 3971 cor
1327 3918 1459 3973 aestuat

473 3985 608 4072 Euripis
631 3986 792 4053 iluotuutn
816 3985 975 4055 malarum
997 3988 1218 4074 cupiditatum.

472 4317 544 4400 De
576 4320 786 4427 poenis
818 4319 1093 4403 violatae
1127 4320 1454 4436 disciplinae.

601 4504 695 4566 Multi
714 4503 875 4567 mandam
891 4494 1016 4586 pomae
1032 4523 1165 4570 suoram
1186 4510 1357 4573 scelerum:

603 4588 691 4667 Erec
711 4605 776 4651 aaa
797 4596 874 4653 atat
887 4593 1108 4656 nmaerondoe
1118 4611 1246 4674 poenae
1263 4599 1351 4659 tuter
1364 4615 1456 4660 corta

644 4692 713 4749 eos,
740 4692 800 4738 atr
821 4692 954 4740 necesse
973 4683 1019 4741 stt
1041 4685 1216 4761 praestare
1242 4681 1455 4763 daemonem.

557 4807 773 4894 Respondeo.
806 4809 1033 4877 Ecclesiastes
1051 4834 1125 4897 cap.
1147 4812 1179 4877 Β.
1203 4814 1298 4881 dicit:
1320 4819 1460 4885 Ettmat

468 4900 666 4978 differantur
684 4917 820 4980 poenae,
843 4909 952 4965 tamea
973 4905 1092 4981 impiae
1112 4920 1171 4966 sea
1191 4906 1370 4970 sceleratas
1390 4924 1455 4970 aaa

467 4985 587 5050 maort.
642 4982 716 5051 Non
750 4997 801 5049 est
829 4985 930 5072 igitur
963 4986 1191 5072 cogitandum,
1225 5007 1352 5070 poenas
1386 5011 1453 5055 non

468 5087 547 5135 esse
568 5070 779 5134 metuendas:
812 5072 890 5156 quia
916 5068 1003 5137 alius
1025 5069 1091 5138 alio
1113 5073 1157 5138 sit
1178 5069 1388 5154 fortunatior,
1417 5086 1454 5140 ut

467 5153 613 5221 evendat
635 5151 886 5241 aliquantisper:
920 5178 987 5222 nou
1009 5171 1132 5238 autem,
1165 5172 1202 5223 ut
1225 5163 1367 5239 caeteri,
1395 5162 1452 5227 de·

466 5240 693 5328 prehendatur
721 5245 847 5307 statim:
880 5245 940 5308 sed
978 5245 1044 5309 hoc
1077 5247 1354 5311 considerandum
1388 5261 1452 5327 est,

466 5323 567 5392 aliurn
589 5326 696 5411 puniri
720 5327 833 5408 citius,
866 5326 938 5395 aliis
961 5351 1103 5415 poenam
1126 5332 1249 5397 differri
1283 5334 1450 5400 divinitus.

466 5410 556 5478 ldem
580 5413 702 5477 dictum
725 5426 778 5479 est
799 5414 840 5507 in·
855 5419 1025 5482 versibus:

596 5535 642 5600 Ab
662 5537 772 5607 miser,
795 5537 859 5603 etsi
877 5545 949 5619 quta
966 5542 1108 5620 priam
1125 5544 1277 5621 peram
1296 5544 1387 5621 cetat,

594 5621 680 5721 Sero
701 5629 810 5689 torrem
831 5624 942 5689 tacitis
958 5642 1066 5707 poam
1087 5630 1175 5690 vemt
1189 5624 1335 5708 pedam.

1121 708 1232 776 PlllL.
1254 708 1360 777 MEL.
1383 707 1572 777 SCRIPTA
1593 704 1859 777 exuscites.

2432 702 2500 771 3411

1519 897 1615 963 Deus
1637 907 1750 962 serrat
1771 894 1859 960 hauc
1879 891 2029 981 regulam
2052 893 2148 959 etiam
2169 893 2204 958 in
2225 894 2291 959 hac
2312 894 2397 969 vita;
2418 893 2501 962 Scio

1517 982 1677 1062 Domine,
1710 983 1801 1067 quod
1828 1002 1896 1047 non
1925 982 2038 1066 parcis
2070 977 2290 1065 delinquenti,
2324 980 2398 1045 sive
2431 981 2501 1046 siut

1517 1071 1624 1135 sancti
1646 1082 1679 1133 et
1701 1065 1825 1148 dilecti,
1849 1070 1921 1133 sive
1944 1069 2011 1132 siut
2038 1066 2152 1131 reiecti
2173 1084 2195 1130 a
2216 1064 2301 1130 Deo.
2347 1064 2502 1138 Quodsi

1516 1152 1695 1239 aliquando
1717 1155 1754 1219 fit
1776 1155 1988 1232 contrarium,
2021 1148 2157 1218 stultum
2179 1164 2243 1228 est,
2276 1148 2363 1217 velle
2385 1154 2502 1239 singu·

1516 1238 1588 1306 lare
1611 1239 1677 1307 hoc
1699 1239 1839 1327 eligere,
1872 1241 1962 1325 quod
1984 1250 2038 1303 cst
2059 1248 2176 1304 contra
2198 1235 2362 1322 regulum,
2395 1251 2434 1305 ut
2450 1240 2502 1305 in·

1515 1327 1587 1412 quit
1608 1327 1794 1395 lsocrates:
1826 1345 1920 1393 meaa
1939 1328 2039 1392 echon
2071 1331 2123 1392 eta
2148 1324 2280 1407 Tarona
2306 1324 2405 1407 cibet,
2438 1328 2502 1392 det

1514 1432 1551 1478 ee
1570 1419 1676 1480 etaem
1696 1417 1814 1479 amorra
1831 1415 1937 1496 pelet,
1959 1413 2029 1476 aad
2043 1412 2227 1492 cadenchet,
2248 1430 2285 1476 er
2306 1413 2415 1476 werde
2432 1414 2502 1495 then

1514 1502 1596 1565 auch
1617 1503 1736 1565 btaaas
1752 1502 1867 1582 petrea,
1888 1518 1926 1564 et
1947 1502 2035 1563 thats
2052 1496 2218 1579 comitioli
2244 1499 2342 1562 nicht
2386 1494 2502 1564 David

1537 1585 1647 1650 uidem
1680 1605 1747 1649 non
1780 1597 1833 1649 est
1866 1580 2080 1661 interiectus,
2111 1583 2173 1646 sed
2206 1582 2364 1648 sustinuit
2397 1580 2503 1671 longe

1514 1607 1665 1736 duriores
1683 1689 1825 1755 poenas,
1847 1690 1945 1756 quam
1968 1669 1997 1733 si
2019 1678 2111 1734 esset
2132 1665 2337 1733 interfectus.
2387 1668 2502 1757 Saepe

1513 1754 1609 1821 Deus
1619 1755 1748 1843 mitigat
1759 1776 1899 1842 poenas,
1922 1774 1989 1820 uon
2000 1755 2154 1821 accendit
2165 1763 2267 1818 totam
2283 1754 2368 1818 iram
2385 1775 2502 1821 suamc
2564 1798 2568 1803 -

1514 1843 1575 1907 sed
1598 1854 1708 1908 tamen
1740 1863 1808 1908 non
1842 1843 1920 1908 sinit
1954 1851 2098 1927 peccata
2129 1859 2271 1924 pmrsus
2299 1841 2392 1905 abire
2424 1843 2501 1910 sine

1513 1947 1630 2012 poena.
1697 1927 1921 2016 Magdeburgi
1953 1938 2034 1992 autc
2065 1924 2190 1992 multos
2223 1945 2330 1989 annos
2364 1927 2502 2012 quidam

1514 2013 1710 2079 interfectus
1732 2025 1801 2086 est;
1822 2014 1987 2083 homicida
2005 2022 2083 2096 post
2104 2032 2213 2079 anuos
2235 2010 2278 2075 30
2299 2022 2428 2079 tractus
2445 2025 2501 2080 est

1514 2101 1557 2163 ad
1575 2097 1782 2187 supplicium.
1836 2098 2010 2186 Tubingae
2043 2109 2116 2163 erat
2137 2095 2338 2163 adolescens
2355 2096 2502 2183 pulchro

1514 2204 1679 2338 tillia
1693 2186 2096 2355 ‘ihfithhthtttt
2116 2183 2501 2338 “imillaliilhsl

1514 2357 1615 2422 debat
1659 2377 1698 2421 ro
1726 2359 1811 2441 ipso.
1866 2357 1947 2423 Erat
1980 2357 2068 2440 apud
2100 2355 2286 2441 Principem
2317 2356 2353 2421 in
2373 2378 2501 2445 magua

1515 2444 1622 2529 gratia
1634 2379 1815 2509 lantherus
1831 2440 2100 2521 Mathematicus,
2120 2444 2172 2508 vir
2189 2452 2379 2529 praestans,
2401 2445 2500 2511 cuius

1515 2528 1679 2595 beneficio
1706 2529 1772 2594 iam
1801 2525 2033 2595 Calendarium
2055 2528 2236 2606 hebemus,
2268 2539 2302 2593 et
2334 2529 2391 2615 qul
2412 2526 2500 2595 alias

1514 2611 1674 2680 utilitates
1696 2617 1856 2681 maximas
1891 2614 1999 2680 attulit
2015 2611 2243 2698 Reipublicae.
2298 2613 2332 2678 ls
2353 2615 2500 2682 obtinuit
2575 2658 2582 2669 ·

1515 2702 1660 2780 tandem,
1683 2713 1718 2765 ut
1740 2698 1941 2767 adolescens
1962 2697 2144 2786 relegatus,
2165 2700 2280 2764 redirit
2297 2700 2497 2785 lupatriam,

1515 2785 1625 2851 soluta
1648 2788 1791 2872 pecunia
1813 2789 1967 2874 cognatis
1989 2785 2154 2851 interiecti
2178 2785 2272 2851 civis.
2317 2786 2389 2852 Sed
2410 2787 2500 2853 idem

1515 2870 1717 2938 adolescens
1768 2884 1822 2938 ost
1849 2893 1976 2958 paucos
2004 2878 2143 2953 menses}
2168 2874 2287 2938 iterum
2321 2883 2374 2938 est
2396 2873 2499 2938 inter·

1513 2959 1623 3024 sectus
1655 2961 1699 3024 ab
1732 2896 1821 3035 ali03
1855 2960 1932 3046 quia
1953 2957 2048 3025 Deus
2071 2968 2185 3023 servat
2211 2978 2308 3024 suam
2330 2956 2498 3044 regulann

1513 3042 1614 3109 Nulla
1635 3057 1747 3123 aetaS,
1778 3042 1871 3109 nulla
1904 3045 2034 3123 civitas,
2068 3041 2162 3109 nulla
2195 3045 2311 3110 domus
2344 3046 2498 3109 estsine

1646 3338 1757 3420 Opera
1778 3357 1800 3403 a
1821 3341 1889 3404 uec
1910 3338 2064 3413 mandata
2084 3343 2161 3402 sunt
2179 3336 2277 3401 bona:

1646 3427 1740 3490 Tob'o
1760 3434 1838 3490 eant
1852 3431 1927 3504 teto,
1955 3442 2037 3507 qaae
2053 3423 2229 3505 praedicat
2252 3422 2294 3485 de
2319 3438 2356 3486 ee
2379 3421 2496 3487 Pluri-

1685 3531 1799 3594 saeue,
1826 3530 1891 3577 noa
1912 3512 2186 3585 carracedum,
2212 3512 2339 3591 ficem,
2368 3509 2495 3575 tanat

1684 3599 1774 3674 dam,
1796 3602 1952 3676 amma,
1974 3603 2032 3662 etc.
2285 3654 2288 3660 .

1683 3686 1770 3765 Erec
1808 3703 1873 3749 stoa
1912 3684 2048 3748 debebat
2085 3681 2263 3764 adimam
2289 3681 2497 3746 Pharisaeus.

1596 3816 1800 3904 Respondeo
1834 3819 1877 3883 ad
1909 3820 2085 3884 maiorem:
2123 3819 2233 3901 Opera
2259 3837 2281 3883 a
2305 3817 2378 3883 Deo
2403 3834 2495 3882 matt·

1509 3905 1599 3980 data,
1620 3914 1699 3970 mat
1717 3908 1816 3983 bono3
1838 3902 1977 3984 scilicet,
2008 3905 2150 3970 caeteris
2181 3903 2338 3990 paribus,
2370 3902 2404 3967 id
2427 3912 2496 3979 est,-

1509 3991 1538 4053 si
1561 3992 1643 4054 liant
1664 4010 1737 4055 cum
1760 3993 1964 4077 poenitentia
1987 4004 2019 4056 et
2040 3989 2124 4068 fide;
2145 3992 2231 4056 sicut
2242 3986 2390 4054 solemus
2407 3984 2496 4054 alias

1509 4076 1633 4153 dicere,
1657 4079 1823 4163 quomodo
1856 4074 2013 4162 placeant
2047 4079 2135 4141 bona
2168 4096 2271 4160 opera
2304 4073 2390 4141 Deo.
2442 4072 2497 4139 ln·

1508 4174 1602 4227 terea
1634 4176 1745 4227 tamen
1786 4183 1849 4228 suo
1883 4183 2008 4249 genere
2041 4164 2109 4228 ista
2142 4183 2247 4247 opera
2278 4173 2358 4226 sunt
2392 4162 2498 4239 bona,

1508 4246 1640 4316 scilicet
1668 4247 1854 4325 moraliter;
1886 4251 1965 4335 quia
1992 4251 2133 4314 interest
2166 4251 2252 4314 inter
2278 4246 2381 4313 haec:
2415 4264 2498 4313 esse
2516 4246 2523 4309 .’

1508 4333 1719 4407 homicidam,
1741 4347 1774 4400 et
1796 4355 1862 4401 nou
1885 4356 1963 4401 esse
1984 4335 2193 4400 homicidam.

1479 4444 1483 4463 ·
1593 4424 1648 4488 Ad
1670 4422 1853 4487 utinm-ern:
1887 4427 1946 4490 Ille
1973 4426 2071 4489 habet
2100 4424 2165 4488 isto
2187 4441 2301 4505 opero,
2329 4420 2392 4486 sed
2416 4419 2494 4485 siue

1505 4510 1706 4592 poenitentia
1728 4519 1761 4572 et
1782 4508 1855 4574 lide.

1537 4837 1646 4942 Quid
1678 4840 1899 4951 respondes
1931 4840 1985 4923 ad
2021 4840 2126 4923 hanc
2157 4838 2460 4923 abiectionem?

1637 5057 1786 5124 cartauc
1822 5058 1875 5123 bic
1906 5059 2043 5123 damam
2070 5058 2286 5123 Pbom'eaeam
2318 5057 2496 5123 habeatem

1676 5148 1844 5210 honestam
1861 5146 2082 5226 disciplinam:

1633 5233 1720 5313 Erpa
1740 5233 1912 5315 dtactplma
1930 5240 2056 5296 estrat
2077 5233 2170 5297 atala

1589 5366 1801 5452 Respondeo.
1836 5366 1897 5431 Est
1918 5362 2052 5431 fallacia
2073 5366 2265 5431 accidentis.
2298 5362 2493 5450 Disciplina

1501 5454 1535 5517 in
1557 5451 1678 5537 loseph
1700 5466 1753 5519 cst
1775 5472 1829 5519 res
1847 5451 1999 5538 pulchra,
2022 5463 2056 5518 et
2076 5451 2151 5518 Deo
2179 5451 2333 5539 placens;
2361 5452 2424 5517 sed
2455 5454 2491 5516 in
2513 5528 2516 5533 ¹

1501 5537 1685 5604 Pharisaco
1714 5538 1817 5606 multa
1851 5539 2008 5605 accidunt
2028 5550 2185 5624 peccata:
2218 5539 2295 5625 quia
2327 5549 2380 5603 est
2412 5539 2492 5605 sine

1501 5644 1582 5691 vera
1604 5626 1815 5711 poenitentia.
1866 5625 2067 5692 Perseverat
2097 5627 2131 5691 iu
2158 5622 2286 5691 carnali
2306 5625 2492 5691 securitate
