5934 6709
379 713 386 728 .
491 664 558 735 183
1154 662 1267 732 PlllL.
1290 662 1394 729 hlEL.
1416 662 1603 729 SCRIPTA
1623 660 1888 729 EXEGETlCA.
2442 660 2510 733 184

493 859 642 923 crebrior
659 856 866 921 resuscitatio
888 876 947 939 per
960 853 1156 939 Apostolos,
1174 876 1270 938 qnam
1290 875 1349 938 prr
1366 855 1474 937 ipsum
1499 880 1504 939 p
1526 850 1615 930 Deo,
1637 863 1747 917 tamen
1770 853 1879 917 sanxit
1903 853 2053 918 ordinem
2074 864 2214 919 naturae
2235 856 2333 919 atium
2357 852 2445 919 hanc
2465 856 2509 921 ob

492 943 684 1021 Dominum,
707 956 740 1007 ut
763 959 835 1006 snut
863 941 1012 1026 exctnph·
1037 943 1078 1004 de
1103 939 1222 1005 l'aulo:
1257 940 1336 1003 ltem
1361 943 1402 1003 de
1425 939 1474 1001 lo·
1528 960 1695 1016 caussam,
1717 952 1753 1002 ut
1771 937 1899 1003 sacieus
1913 941 2172 1023 diversaopera,
2194 941 2511 1023 conspiciaturessc

492 1028 602 1095 hanna
623 1027 851 1114 Erarrgclista,
875 1031 928 1111 qui
951 1032 993 1091 ab
1018 1025 1116 1091 exilio
1139 1028 1271 1090 rediens
1294 1024 1473 1108 Ephesum,
1526 1023 1689 1089 Dominus
1712 1036 1860 1089 naturae.
1898 1024 1990 1089 Dans
2013 1024 2091 1090 lacit
2115 1038 2304 1113 utrumqne:
2327 1039 2509 1093 servator·

493 1117 703 1181 resuscitarit
728 1136 819 1179 suum
844 1117 986 1197 priorem
1007 1113 1186 1196 hospitam,
1211 1134 1285 1176 (τιιιιι
1300 1112 1474 1176 olihrretur
1498 1104 1502 1153 ¹
1526 1112 1636 1174 dinem
1659 1112 1691 1173 in
1715 1123 1849 1176 natura:
1870 1108 1918 1171 Er
1938 1111 1995 1173 hot
2016 1112 2070 1173 dir
2092 1112 2243 1191 defodiat,
2262 1114 2305 1173 rh:
2327 1112 2389 1173 solt
2405 1134 2508 1175 aren:

491 1203 556 1269 iam
580 1202 725 1265 cadaver
746 1205 820 1287 ipso
845 1201 1049 1283 ingrediente
1071 1202 1101 1262 in
1123 1202 1245 1262 urbem.
1526 1197 1555 1260 si
1577 1194 1800 1273 nonfaceres,
1823 1200 2077 1284 extinguereris,
2102 1200 2243 1263 cacteris
2256 1200 2403 1283 paribus,
2414 1220 2513 1283 prae·

578 1284 638 1351 llla
663 1300 741 1351 sunt
767 1285 971 1350 inimitabilia
997 1283 1159 1363 Diabolo,
1188 1286 1241 1368 qui
1262 1281 1339 1346 nihil
1366 1295 1474 1365 potest.
1526 1284 1641 1346 sertim
1664 1283 1692 1345 si
1715 1304 1757 1347 ex
1780 1284 1973 1349 curiositate
1997 1306 2063 1349 nun
2076 1282 2181 1350 velles
2194 1286 2329 1349 obedire
2341 1288 2510 1352 rnarrdato.

491 1370 623 1451 facere,
651 1375 741 1458 quod
770 1386 824 1437 est
854 1372 1041 1436 creationis.
1093 1372 1226 1434 creatio
1257 1382 1311 1433 est
1340 1372 1472 1453 propria
1526 1366 1620 1433 lllum
1642 1370 1740 1453 igitur
1773 1370 1921 1434 ordinem
1945 1382 2096 1449 servate,
2123 1392 2221 1457 qnam
2248 1373 2320 1456 ipse
2354 1373 2511 1450 instituit:

491 1457 594 1525 solius
617 1460 850 1542 omnipotentis
874 1470 1023 1522 naturae.
1056 1454 1185 1521 Fallere
1209 1460 1325 1521 oculos
1347 1454 1472 1519 Diuho·
1526 1456 1587 1519 sed
1608 1454 1688 1517 i'acit
1710 1456 1870 1520 interdum
1894 1454 2019 1541 aliquid
2052 1458 2296 1522 extraordinem
2323 1456 2513 1540 visibiliter,

490 1543 545 1612 lus
568 1556 691 1630 potest,
714 1557 746 1607 et
769 1546 923 1626 decipere
946 1541 1057 1628 aliqua
1080 1544 1206 1626 speeie,
1223 1557 1257 1606 et
1272 1543 1472 1628 praestigias
1525 1553 1561 1605 ut
1585 1542 1810 1625 corispiciatur
1836 1561 1914 1605 esse
1940 1540 2104 1606 Dominus
2134 1555 2282 1608 naturae.
2327 1543 2512 1612 Praeterea

491 1643 525 1696 et
546 1629 686 1696 ludibria
709 1628 895 1695 offurtdere:
920 1631 979 1693 scd
1003 1650 1069 1693 non
1094 1640 1204 1712 potest
1221 1640 1472 1693 irrotarererum
1526 1638 1561 1690 ut
1583 1646 1646 1691 nos
1665 1629 1822 1704 saianans
1845 1624 1938 1691 illum
1961 1627 2137 1693 Dominum
2159 1643 2298 1694 naturae
2326 1627 2384 1695 illa
2407 1652 2513 1719 agera

489 1717 635 1801 species,
657 1736 766 1800 nuqua
788 1737 829 1780 ex
853 1713 956 1779 nihilo
979 1712 1101 1800 aliquid
1123 1713 1247 1778 lacere.
1526 1722 1559 1776 et
1581 1708 1731 1778 allicere:
1754 1712 1831 1773 duro
1842 1716 1900 1773 wir
1915 1716 2034 1787 wistan,
2048 1714 2197 1778 woerder
2208 1715 2338 1777 homme:
2349 1717 2382 1781 id
2395 1729 2512 1796 estut

577 1800 725 1867 Recitavi
761 1803 857 1866 vohis
890 1798 974 1865 alias
996 1800 1188 1877 historiam,
1223 1812 1256 1863 et
1289 1812 1341 1863 est
1374 1799 1472 1884 digna
1525 1799 1670 1862 aciamus
1694 1818 1771 1862 esse
1794 1796 1936 1883 aliquam
1957 1813 2108 1864 naturam
2130 1803 2386 1885 omnipotentem
2408 1805 2510 1871 maio·

489 1890 648 1953 memoria
670 1909 767 1973 quam
795 1888 904 1951 atrdiri
935 1907 975 1950 ex
1006 1888 1085 1951 viris
1108 1884 1175 1948 fide
1197 1885 1317 1971 dignis.
1362 1884 1474 1949 Bono·
1525 1904 1613 1961 rem,
1648 1904 1744 1969 quam
1779 1887 1822 1947 sit
1855 1883 1912 1948 illa
1946 1888 2129 1951 communis
2162 1889 2316 1952 ordinata
2348 1888 2507 1973 potantia,

489 1975 563 2038 niae
597 1971 658 2037 fuit
692 1975 854 2057 qrraedam
887 1974 1000 2058 virgo,
1028 1992 1115 2057 qrrae
1144 1982 1215 2035 toto
1247 1972 1377 2035 biennio
1395 1983 1474 2054 post
1527 1990 1725 2055 quamquam
1747 1969 1833 2034 haec
1855 1972 1953 2036 etiam
1975 1984 2027 2036 est
2048 1992 2070 2037 a
2091 1972 2176 2037 Deo.

489 2074 630 2125 mortem
654 2071 707 2123 est
723 2072 857 2124 versata
879 2058 965 2123 intar
986 2058 1156 2122 homines:
1180 2059 1307 2122 assedit
1324 2057 1367 2120 ad
1385 2077 1473 2121 man·
1614 2054 1787 2121 Debemus
1815 2057 1917 2143 igitur
1947 2059 2161 2123 considerare
2183 2059 2333 2125 ordinem
2355 2070 2508 2143 naturae,

489 2164 574 2223 sam,
592 2158 758 2230 tamqnam
789 2146 988 2223 comederet,
1013 2144 1071 2208 ivit
1100 2147 1131 2208 in
1161 2143 1295 2209 choreis
1318 2144 1474 2208 comitata
1528 2151 1561 2205 et
1582 2142 1689 2219 scire,
1718 2143 1809 2227 quod
1838 2139 1895 2207 ille
1922 2145 2006 2209 ordo
2035 2147 2236 2210 constitutus
2258 2147 2318 2231 sit,
2350 2156 2388 2211 ut
2409 2148 2511 2215 etiam

488 2229 611 2296 loeium
636 2231 822 2305 ducentem,
871 2233 942 2294 nasi
975 2228 1134 2294 saltaret:
1165 2231 1225 2293 sed
1258 2249 1393 2313 semper
1413 2225 1474 2293 luit
1527 2228 1571 2291 sit
1594 2228 1818 2293 testimonium
1841 2230 1883 2293 de
1905 2229 1990 2294 Deo.
2031 2228 2100 2296 Sed
2121 2228 2188 2297 hoc
2209 2234 2433 2299 testimonium
2456 2245 2511 2300 ast

490 2314 627 2403 pallido,
650 2330 683 2382 at
706 2252 1065 2402 quidaoloquebatur.
1088 2317 1212 2380 Postea
1235 2318 1324 2380 seuit
1340 2312 1475 2393 blavus,
1526 2310 1701 2392 illustriuS,
1737 2311 1868 2378 collatis
1892 2317 2081 2381 contrariis:
2114 2318 2200 2385 sicut
2224 2315 2406 2384 collatione
2427 2340 2510 2386 oon·

491 2415 525 2467 et
546 2404 670 2468 sedans
691 2404 725 2467 in
744 2401 890 2482 Chorea,
913 2404 1011 2477 distr:
1040 2404 1106 2466 ista
1136 2414 1187 2465 est
1209 2414 1347 2466 mortua.
1391 2364 1474 2465 lum
1527 2401 1703 2468 trariorum
1724 2402 1834 2465 omnia
1855 2401 1937 2467 finrrt
1958 2399 2152 2468 illustriora.
2206 2402 2347 2477 Quando
2371 2407 2508 2491 conspi-

489 2485 566 2554 alii:
595 2490 764 2574 quomodo
792 2500 905 2572 potest
928 2509 1005 2554 esse
1027 2488 1179 2552 mortua?
1223 2487 1371 2552 Videsne
1401 2506 1475 2551 earn
1527 2487 1658 2551 ciuntur
1680 2488 1869 2552 contratiae
1891 2488 2053 2568 aetianae,
2074 2487 2304 2573 relexempla,
2326 2501 2405 2557 tuuc
2426 2512 2509 2557 eon·

489 2576 615 2640 versati
638 2577 723 2640 inter
744 2573 907 2653 homines,
941 2577 990 2637 ire
1023 2575 1065 2637 ud
1099 2572 1254 2651 choreas,
1286 2574 1474 2651 comedere,
1526 2573 1666 2657 spicitur
1693 2586 1811 2637 unctor
1835 2584 2064 2660 utrorumque:
2098 2574 2239 2641 Creator
2271 2574 2329 2642 ille
2359 2579 2510 2664 omnipo·

488 2660 614 2725 habere
637 2662 723 2724 istos
746 2662 886 2746 gestus?
913 2660 1092 2731 Videbitis,
1115 2661 1220 2743 inquit
1240 2662 1304 2724 iste
1327 2673 1360 2724 et
1382 2679 1474 2723 acca
1525 2671 1612 2736 tans,
1635 2659 1746 2743 quiin
1768 2680 1830 2723 sua
1846 2681 1946 2725 manu
1967 2661 2156 2726 universam
2173 2673 2325 2728 naturam
2348 2665 2507 2731 continet.

489 2746 537 2813 dit
558 2748 601 2811 ad
624 2743 725 2826 illam,
756 2760 789 2812 et
806 2743 915 2810 ausen
942 2744 1108 2810 haseinum
1137 2748 1200 2810 sub
1231 2744 1380 2811 humero.
1425 2745 1474 2810 lbi
1526 2741 1631 2810 Simul
1663 2744 1761 2809 etium
1793 2746 2007 2812 considerare
2041 2748 2200 2814 debemus
2232 2745 2322 2814 illam
2358 2750 2509 2836 proposi·

489 2832 556 2897 ruit
578 2833 735 2911 cadaver,
759 2844 790 2896 ct
813 2833 1144 2897 omnosridentesse
1161 2833 1317 2896 cadaver.
1347 2830 1473 2897 Diaho-
1525 2832 1659 2909 tionem,
1682 2851 1767 2916 quae
1793 2843 1845 2896 est
1866 2835 1997 2897 maximi
2019 2836 2193 2911 momenti,
2226 2836 2315 2921 quod
2336 2835 2433 2901 Deus
2456 2847 2510 2902 est

488 2913 542 2983 lus
565 2919 721 2982 discessit
743 2921 786 2983 ab
809 2938 860 2998 aa,
890 2940 964 2983 cum
986 2916 1173 2983 auferretur
1194 2915 1367 2982 fascinum.
1412 2915 1473 2981 llla
1525 2936 1631 3002 agens
1652 2913 1866 2983 liberrimum.
1910 2917 2017 2983 hlulta
2038 2921 2194 2984 accidunt
2221 2919 2345 2985 honrini
2372 2923 2508 2987 inextri-

377 3066 383 3077 ,
489 3015 567 3069 sunt
587 3001 731 3070 ludibria
752 3000 903 3069 Diaboli:
926 3005 986 3066 sed
1000 3001 1162 3068 Diabolus
1181 3025 1247 3069 ιιοιι
1264 3015 1473 3088 potestmor·
1525 2999 1644 3067 cubilia
1661 3005 1696 3068 in
1718 3025 1821 3069 cursu
1838 3017 1991 3084 natiuae,
2015 3018 2047 3069 et
2069 3008 2186 3071 ordine
2207 3006 2386 3084 corumuni3
2407 3008 2507 3073 Deus

489 3092 555 3155 tuis
577 3090 717 3154 reddere
741 3092 851 3155 ritem.
896 3090 1013 3154 Potest
1040 3089 1210 3155 ambulare
1233 3091 1267 3155 in
1296 3091 1473 3170 cadavere,
1526 3099 1633 3155 tanren
1668 3090 1831 3168 occurrit,
1864 3101 1897 3155 et
1929 3092 2055 3177 mitigat
2084 3090 2312 3158 immutabilia:
2345 3103 2378 3159 et
2409 3091 2505 3160 multi

489 3187 523 3242 at
543 3178 628 3242 tueri
642 3177 788 3241 cadaver
804 3174 1066 3262 aliquamtisper,
1087 3196 1131 3240 ne
1152 3189 1340 3259 putrescat:
1362 3188 1474 3260 potest
1525 3175 1819 3262 hominesmagnis
1837 3176 2006 3242 miraculis
2027 3179 2173 3265 quotidie
2195 3190 2379 3257 servantur,
2403 3180 2504 3244 etiam

487 3260 729 3349 aliquantulum
752 3284 881 3339 arcere,
905 3274 937 3327 et
959 3259 1472 3347 faceramorumputrefactioni;
1525 3282 1613 3347 quaa
1642 3282 1712 3326 non
1744 3264 1979 3346 conspicimus.
2035 3265 2105 3330 Sed
2136 3262 2361 3351 unusquilibet
2392 3275 2507 3349 potest

487 3361 600 3435 potest
621 3347 713 3436 loqui
734 3372 795 3436 per
817 3346 897 3416 illud
920 3369 1054 3434 corpus.
1099 3350 1193 3414 Sicut
1215 3350 1294 3413 dicti
1315 3362 1392 3413 sunt
1413 3346 1473 3414 ali·
1524 3368 1607 3412 suos
1627 3345 1759 3433 aliquos
1782 3351 1900 3425 tristes,
1918 3370 2020 3415 casus
2040 3352 2207 3431 invenire;
2236 3352 2294 3418 ubi
2315 3370 2397 3417 vero
2418 3351 2508 3417 acci·

511 3437 556 3515 ui,
579 3457 620 3500 ex
667 3439 763 3500 uihns
786 3435 920 3501 locutus
943 3449 995 3501 ost
1017 3435 1199 3515 Diabolus,
1222 3440 1472 3521 ἐγγαστρΙμ-υθοιε
1524 3434 1572 3498 dit
1603 3433 1687 3514 hoc,
1721 3436 1811 3521 quod
1844 3437 1962 3501 dicitnr
1994 3439 2027 3501 in
2054 3435 2208 3502 Psalmo:
2239 3437 2317 3504 Not
2343 3438 2508 3506 Dominus

444 3564 447 3569 ·
487 3457 543 3584 Du
565 3522 622 3585 rler
673 3525 762 3602 arpi!
784 3545 839 3583 utta
861 3524 930 3583 (lem
951 3522 1048 3583 baruch
1070 3524 1171 3583 redut:
1201 3523 1293 3600 ltem,
1315 3523 1473 3588 nominali
1497 3517 1639 3603 Ι11111111
1666 3523 1845 3605 traducum,
1874 3544 1980 3606 aquae
2012 3527 2255 3592 absorbuissent
2286 3544 2355 3591 nus,
2408 3524 2507 3591 ltem=

487 3620 566 3672 sunt
588 3614 741 3684 πυθιῦνες,
766 3631 786 3673 a
808 3607 1014 3688 πυνθάνομαι,
1037 3610 1079 3673 uh
1102 3609 1328 3689 irtlarropuurlo
1345 3608 1400 3675 vel
1414 3612 1472 3671 sru'·
1496 3572 1501 3697 l
1532 3610 1621 3674 Vt'voc
1640 3611 1880 3690 (11191111ἰυί13θηί
1906 3631 1976 3678 1108.
2025 3611 2124 3677 llem:
2160 3613 2223 3689 Qttt'
2250 3615 2379 3677 exalia!
2395 3630 2446 3675 me
2465 3613 2508 3676 116

487 3693 644 3756 scitante.
690 3692 854 3759 Diabolus
877 3691 1060 3758 ‹lclcctatur
1082 3693 1139 3759 tali
1161 3693 1374 3761 habitatione.
1496 3702 1629 3783 ,portia
1649 3698 1778 3774 storto,
1796 3708 1833 3762 at
1856 3698 2022 3763 mt'ruhidir
2048 3707 2107 3763 tuo
2125 3716 2274 3765 nonem.
2317 3694 2506 3762 Tenaamua

574 3777 689 3846 Solius
712 3780 776 3844 Dei
810 3801 894 3865 opus
925 3794 978 3844 est
1001 3783 1205 3846 resuscitare
1230 3796 1390 3850 mortuos.
1435 3779 1471 3846 ld
1496 3796 1500 3869 5
1523 3782 1588 3847 ista
1619 3783 1654 3845 in
1687 3784 1896 3866 precatione,
1936 3785 1993 3849 ubi
2030 3804 2134 3868 saepe
2171 3784 2270 3849 nobis
2308 3784 2507 3867 obstrepunt

486 3861 581 3933 nullu
603 3875 759 3930 creatura
781 3880 893 3949 potest
916 3867 1045 3930 imitari.
1091 3866 1234 3939 Quando
1253 3865 1377 3942 llclias,
1404 3866 1471 3933 Eli·
1496 3892 1500 3953 p
1522 3868 1609 3931 istae
1642 3869 1872 3952 cogitationes.
1927 3867 2000 3948 Ah,
2032 3870 2110 3955 quid
2143 3881 2180 3935 tu
2200 3868 2312 3953 petis?
2366 3865 2428 3934 llla
2453 3868 2507 3935 sic

487 3970 603 4027 maus,
626 3951 782 4036 Apostoli
806 3954 1065 4030 resuscitarent,
1098 3952 1194 4017 Deus
1220 3952 1286 4017 hoo
1309 3954 1387 4019 lecit
1409 3976 1472 4019 sua
1496 3978 1499 4035 p
1523 3964 1601 4017 snut
1635 3954 1799 4033 ordinata,
1831 3966 1866 4020 at
1898 3955 1949 4019 sic
1980 3954 2082 4034 fiunt,
2115 3955 2203 4021 sicut
2232 3955 2387 4019 ordinata
2415 3962 2508 4019 sunt.

490 4039 641 4102 utentia:
669 4039 803 4123 qnando
828 4038 984 4102 Christus
1009 4040 1233 4114 resuscitavit,
1257 4037 1335 4104 lecit
1358 4039 1471 4105 simili·
1496 4042 1499 4047 ’
1522 4043 1589 4105 huo
1612 4059 1692 4103 vero
1715 4040 1808 4105 Deus
1841 4051 1895 4105 est
1915 4060 2022 4127 agens
2043 4039 2264 4121 liberrimum,
2299 4042 2372 4126 ipse
2393 4040 2507 4106 mode·

486 4134 538 4190 ter
560 4124 670 4190 divina
692 4125 854 4209 potentia,
883 4126 942 4188 sed
971 4144 1034 4188 sua
1055 4125 1211 4210 propria:
1240 4126 1318 4211 quia
1344 4138 1470 4192 tantum
1496 4193 1499 4209 ⁸
1523 4123 1741 4205 raturmulta,
1761 4128 1853 4193 itaut
1871 4124 1963 4192 illum
1980 4146 2186 4192 communem
2203 4146 2339 4192 cursum
2353 4135 2507 4205 naturae,

487 4213 632 4277 creatrix
653 4214 801 4295 potantia
822 4210 888 4275 hoc
910 4210 1002 4275 sarit.
1522 4231 1620 4296 quem
1632 4212 1775 4297 cogitas,
1794 4227 1827 4277 at
1838 4224 1949 4278 tamen
1960 4234 2027 4278 non
2063 4214 2172 4277 enitus
2183 4209 2356 4299 intelligis,
2375 4212 2409 4277 in
2420 4209 2507 4278 mul·

573 4296 753 4363 Testantur
784 4312 894 4362 autem
928 4295 1005 4361 illae
1039 4298 1316 4361 resuscitationes
1347 4298 1389 4362 de
1412 4298 1470 4364 do·
1496 4252 1500 4343 l
1522 4300 1566 4361 tis
1588 4298 1780 4364 moderatur
1796 4311 1829 4363 et
1850 4299 1988 4387 mitiget.
2056 4318 2095 4364 os
2119 4320 2186 4365 non
2203 4300 2334 4387 penitus
2352 4299 2508 4366 videmus

487 4383 594 4448 ctrina
616 4380 685 4461 illa,
708 4405 806 4468 quam
829 4382 995 4461 Christus,
1019 4382 1147 4462 llclias,
1171 4382 1471 4469 FiisaeusetApo·
1523 4384 1795 4469 gubernationem
1821 4399 1979 4464 naturae,
2012 4398 2140 4451 tuntum
2160 4387 2280 4464 abest,
2311 4397 2349 4451 nt
2371 4396 2509 4452 caetera

487 4465 564 4533 stoli
587 4469 781 4533 docuerunt.
827 4470 912 4534 Sunt
935 4471 1020 4534 anim
1040 4471 1240 4549 testimonia,
1263 4472 1350 4557 qaod
1375 4470 1469 4535 Deus
1496 4546 1498 4551 Ι
1523 4469 1702 4553 operaDei
1723 4471 1907 4555 videamus,
1930 4468 2218 4556 et-intelligamus.
2252 4470 2328 4538 llot:
2346 4484 2398 4537 est
2415 4471 2526 4556 prin·-

485 4567 604 4620 uuctor
626 4556 669 4618 sit
692 4556 788 4620 larius
812 4558 980 4621 doctrinae
1003 4569 1036 4619 et
1053 4559 1266 4640 approbator.
1297 4555 1469 4622 Debemus
1495 4564 1499 4595 ²
1523 4553 1629 4640 cipale
1661 4559 1693 4620 in
1726 4554 1791 4621 hac
1823 4556 1979 4631 historia,
2036 4559 2105 4623 uod
2137 4556 2269 4624 scilicet
2297 4566 2510 4643 proponatur

486 4642 649 4727 cogitare,
672 4656 795 4726 quanta
818 4664 873 4707 res
896 4643 954 4715 sit,
979 4644 1069 4726 (prod
1092 4642 1186 4707 Deus
1209 4645 1252 4707 ita
1276 4663 1315 4707 sa
1343 4640 1469 4727 patefa-
1523 4642 1620 4706 nohis
1647 4642 1887 4723 testimonium,
1918 4578 2250 4730 quoquvangelium
2277 4647 2322 4708 sit
2350 4644 2508 4709 doctrina

486 4729 578 4792 ecrit.
623 4726 795 4794 Debemus
823 4730 920 4793 ctiam
955 4727 1021 4792 hoe
1056 4731 1215 4813 cogitare,
1243 4751 1310 4793 non
1344 4727 1469 4794 frustra
1522 4728 1677 4792 (livinitus
1700 4730 1838 4809 tradrta,
1873 4743 1907 4794 at
1938 4731 2030 4816 quod
2056 4729 2143 4794 haee
2171 4731 2214 4795 sit
2243 4727 2398 4797 voluntas
2425 4726 2508 4810 Det,

486 4833 563 4879 essa
586 4816 795 4880 ‹liatrihutum
818 4827 957 4879 naturae
987 4815 1152 4893 ordinem,
1182 4830 1215 4879 et
1244 4830 1352 4880 tamen
1381 4818 1469 4880 ordi·
1522 4811 1676 4879 videlicet
1708 4817 1887 4899 promissio
1909 4813 2001 4881 lacta
2022 4816 2055 4881 in
2077 4814 2277 4904 Evangelio,
2306 4816 2396 4902 quod
2419 4816 2508 4881 reei-

485 4903 653 4966 nationem
675 4900 767 4966 illam
790 4916 929 4967 natume
952 4903 1205 4966 discernendam
1229 4922 1306 4966 esse
1327 4924 1349 4968 a
1370 4903 1468 4968 mira·
1520 4921 1600 4985 pere
1633 4898 1714 4964 velit
1747 4913 1883 4987 propter
1904 4900 2039 4981 Filium,
2071 4899 2153 4968 velit
2181 4905 2261 4968 dare
2293 4902 2448 4968 iustitiam
2471 4912 2510 4968 at

486 4983 583 5064 culis,
607 5001 772 5075 tamquam
795 4991 954 5075 operibus
977 4988 1260 5054 extraordinariis.
1521 4988 1622 5052 vitam
1644 4998 1825 5066 aetemam,
1851 4999 1886 5052 et
1907 4987 1988 5054 velit
2009 5009 2072 5053 nos
2095 5009 2250 5068 servare,
2278 4989 2376 5054 nobis
2403 5006 2424 5051 o

1520 5071 1611 5138 serre
1628 5073 1662 5137 in
1683 5071 1749 5139 hae
1772 5075 1856 5151 vita,
1891 5086 1924 5139 et
1946 5086 2025 5160 post
2056 5074 2146 5140 hanc
2168 5077 2270 5140 vitam
2296 5093 2361 5140 nos
2382 5093 2423 5139 sa
2439 5092 2508 5140 voa

1520 5156 1643 5225 lacera.
1701 5158 1794 5226 Haec
1826 5162 2016 5226 testimonia
2045 5163 2087 5227 da
2109 5160 2294 5248 Evangelio
2327 5181 2395 5225 non
2425 5170 2509 5227 sunt

562 5250 697 5353 Quare
728 5251 841 5337 Deua
872 5255 1001 5337 voluit
1032 5253 1186 5338 sancire
1217 5253 1399 5336 ordinem
1520 5245 1742 5353 pegltganda3
1757 5247 1838 5352 ‚³¹⁰9
1867 5249 2025 5315 deocarus
2052 5244 2128 5313 ¹³0⁰
2156 5250 2282 5337 gratias
2310 5267 2414 5337 “gem
2439 5266 2507 5336 ΡΝ

1519 5330 1586 5398 rlhs
1608 5331 1899 5419 patefactrombus.

857 5409 900 5491 ir.
929 5405 1101 5491 naturai

572 5589 780 5697 Quumqpam
797 5595 872 5680 ipsa
892 5592 977 5659 ordo
1000 5602 1053 5656 aut
1074 5591 1172 5656 etiam
1189 5591 1412 5657 testimonlum
1424 5591 1467 5659 da
1490 5576 1496 5665 l
