5934 6709
480 661 546 731 871
1119 662 1230 729 Plilh.
1252 662 1357 730 Men.
1380 658 1567 731 SCRIPTA
1589 656 1856 728 ElOEGETlCA.
2431 660 2496 728 3⁷2

481 863 574 916 recte
594 852 813 929 invocenms,
846 863 879 915 et
911 848 1147 936 glorificemus.
1192 851 1271 918 Nun
1292 853 1368 917 siud
1388 856 1463 918 zuei
1513 851 1615 915 ntaei
1639 849 1705 929 [die
1726 849 1780 914 hl.
1802 847 1855 914 Au
1903 850 1971 930 stit.
2015 847 2050 912 in
2075 849 2271 914 Bernhardo
2301 846 2425 935 aliquid
2448 852 2497 916 iu·

481 940 649 1004 contraria
671 939 735 1017 ttu,·
761 936 926 1002 Dominus
947 936 1115 1021 probibet,
1144 959 1187 1003 ne
1209 939 1264 1002 cui
1282 939 1410 1018 dicent,
1428 950 1463 1004 et
1514 936 1589 1001 dicii
1610 935 1680 1000 luit.
1726 938 1810 1000 sunt
1873 937 1950 1020 iqua
1978 935 2067 999 boue
2095 937 2183 1000 dicte
2205 937 2323 1019 ipsius,
2345 936 2498 1002 etiamsi

479 1021 529 1089 illi
546 1024 799 1111 tamenpiicunt:
818 1035 957 1110 uterque
975 1020 1174 1088 recteiacit:
1197 1022 1360 1089 Dominus
1372 1026 1462 1108 quod
1513 1022 1613 1086 habet
1634 1034 1751 1106 postea
1773 1041 1852 1088 suas
1876 1022 2028 1106 ineptias,
2040 1022 2127 1087 sicut
2146 1042 2242 1086 aterno
2259 1035 2408 1087 nostrum
2423 1034 2499 1105 est,

481 1107 695 1194 prohibet,ut
716 1112 773 1175 det
794 1107 1066 1177 benefactoribus
1089 1108 1286 1194 exemplum,
1301 1130 1343 1175 ne
1360 1130 1461 1196 quac·
1514 1108 1569 1192 qui
1602 1127 1670 1171 non
1696 1107 1817 1172 habeat
1843 1128 1926 1172 suos
1956 1105 2081 1192 aliquot
2111 1128 2256 1173 errores.
2300 1105 2359 1172 llle
2381 1107 2497 1174 incidit

480 1206 557 1259 rant
580 1215 673 1259 suam
697 1191 856 1280 gloriam,
884 1192 937 1259 vel
968 1215 1088 1260 vanem
1110 1192 1261 1281 gloriam.
1313 1195 1380 1261 Wie
1400 1198 1462 1262 der
1513 1194 1547 1257 in
1568 1205 1717 1277 tempora
1738 1195 1914 1258 admodum
1936 1193 2110 1258 inerudita.
2144 1192 2231 1267 Quid
2253 1195 2428 1280 insigniter
2448 1192 2497 1262 l'e·
2523 1218 2529 1230 ’

480 1288 555 1364 sapt
577 1282 609 1344 in
631 1279 804 1344 Terentio:
848 1286 918 1346 Ista
939 1284 1198 1347 commemoratio
1224 1289 1274 1347 est
1294 1284 1393 1368 quasi
1407 1303 1461 1347 ex·
1514 1278 1584 1343 cit‘i
1636 1277 1745 1345 Credo
1776 1298 1889 1344 verum
1918 1299 2012 1357 esse,
2042 1280 2132 1366 quod
2159 1275 2324 1364 fugaverit
2351 1279 2494 1348 Daemo-

477 1366 634 1450 probatto
670 1368 864 1431 immemoris
896 1367 1048 1453 beneficii.
1097 1366 1294 1434 immanioris
1322 1368 1464 1455 beneficii
1513 1384 1591 1443 nes3
1612 1377 1648 1429 ιιι
1665 1386 1755 1431 nunc
1777 1385 1909 1450 quoquc
1932 1365 2069 1442 accidit,
2099 1366 2188 1451 quod
2210 1363 2309 1450 aliqui
2331 1364 2497 1449 homines,

481 1453 704 1517 cohaerentne
725 1465 891 1538 tamquam
913 1454 1112 1519 adiectivum
1139 1466 1172 1518 et
1194 1454 1462 1520 substantivum‘i
1513 1450 1568 1536 pia
1590 1453 1780 1534 precatione
1802 1448 1984 1515 liberantur
2006 1452 2221 1516 edaemoue.
2266 1452 2334 1517 Sed
2360 1453 2427 1518 hoc
2448 1454 2498 1519 in·

479 1537 566 1604 Non.
611 1538 680 1602 Sed
702 1539 844 1624 beneficii
864 1540 991 1623 regitur
1011 1542 1054 1605 ab
1073 1543 1261 1616 immemor3
1283 1559 1344 1625 per
1364 1561 1462 1626 regu·
1513 1536 1612 1622 signe
1634 1551 1708 1615 est,
1741 1534 1843 1621 quod'
1864 1533 1943 1601 fecit
1975 1557 2092 1620 pacem
2116 1538 2200 1602 inter
2223 1536 2436 1619 Conradum,
2462 1552 2499 1605 et

479 1620 567 1689 iamt
611 1624 793 1690 Memoriae
820 1633 852 1689 et
872 1626 1063 1691 Accasnadi
1081 1626 1316 1711 ambarepuat
1339 1625 1462 1691 Geraiti·
1513 1621 1709 1689 Lotharium
1737 1621 1982 1706 imperatorem.
2032 1624 2080 1685 ist
2107 1626 2157 1685 eiu
2180 1625 2249 1702 fetu
2270 1626 2376 1704 tapsar
2397 1625 2498 1688 Manu

478 1729 548 1775 eos.
587 1709 687 1774 Wenn
708 1717 797 1777 enter
817 1713 915 1777 eiuem
936 1714 988 1775 ein
1009 1712 1203 1779 beneficium
1226 1714 1375 1795 ermyet,
1395 1713 1463 1778 aad
1513 1727 1660 1788 percaeca.
1711 1706 1892 1773 Letharius
1920 1707 2012 1774 Savo
2040 1706 2101 1776 suit
2129 1711 2320 1803 sapientior.
2368 1709 2499 1779 iliensit

478 1797 545 1859 tuiti
567 1796 715 1881 petuambt
740 1799 827 1875 serit,
854 1810 907 1861 est
934 1798 1085 1864 insuave.
1130 1796 1250 1864 Cicero
1272 1801 1315 1863 ad
1339 1797 1462 1864 Caesa·
1513 1795 1547 1858 in
1570 1793 1759 1871 Genuunia,
1780 1808 1817 1860 ut
1839 1795 1942 1860 robur
1962 1793 2099 1860 haberet
2130 1808 2163 1861 et
2185 1796 2313 1880 copiam
2336 1798 2497 1864 maiorem

479 1900 566 1947 reme
600 1881 650 1947 Tit
669 1883 751 1947 m'iu‘i
770 1886 854 1948 soles
876 1885 1032 1963 obiieisct‘,
1053 1885 1120 1949 uisi
1137 1886 1289 1949 imerius.
1318 1884 1461 1958 Quando
1513 1882 1692 1945 exercitus.
1736 1879 1912 1944 Comedus
1934 1882 2080 1964 perrexit
2101 1883 2134 1969 in
2153 1877 2339 1960 italiam,ut
2360 1883 2403 1948 ibi
2426 1885 2496 1951 cito

480 1965 526 2032 ali
550 1967 602 2033 uis
624 1969 656 2032 in
679 1966 832 2034 Ecclesia
855 1967 999 2049 excellit,
1021 1981 1055 2034 et
1076 1970 1214 2036 multum
1236 1971 1374 2051 iactitat,
1397 1971 1462 2036 das
1514 1979 1742 2044 coronaretur,
1764 1979 1882 2052 postea
1906 1963 2027 2031 bellum
2049 1979 2177 2047 ortum,
2206 1979 2238 2032 et
2266 1979 2375 2033 temen
2405 1990 2496 2036 com·

478 1987 584 2118 delet
604 2054 691 2120 m‘cit
705 2053 786 2136 serit·
832 2055 947 2121 Omnis
969 2057 1127 2122 iactantia
1149 2057 1254 2141 turpis
1282 2069 1355 2134 est3
1383 2056 1462 2142 quia
1513 2053 1657 2201 positum
1691 2063 1753 2116 est.
1798 2052 1887 2118 lnter
1919 2067 2146 2118 transactor-es
2179 2051 2240 2118 iuit
2267 2053 2496 2123 Bernhardus.
2541 2105 2543 2111 .

480 2139 642 2205 debemus
665 2161 852 2226 agnoscere
883 2142 1032 2207 nostram
1067 2141 1303 2222 infirmitatem,
1339 2154 1372 2208 et
1405 2143 1460 2207 tri·
1545 2157 1582 2201 es
1605 2138 1791 2222 composite
1813 2150 1866 2203 est
1888 2139 1951 2213 ita,
1980 2149 2017 2204 ut
2038 2139 2214 2204 Conradus
2238 2138 2337 2222 plene
2360 2141 2498 2208 eederet

480 2227 585 2289 boore
608 2223 747 2310 gloriam
770 2227 855 2292 Deo.
899 2230 1097 2312 Χωριςθιοῦ
1107 2228 1205 2303 nidera
1216 2228 1334 2311 εὐτυχεῖ
1342 2228 1459 2316 βροτός.
1513 2223 1556 2288 de
1576 2221 1671 2290 titulo
1694 2235 1727 2289 et
1749 2225 1908 2310 dignitate
1928 2224 2100 2291 Lethario.
2144 2226 2216 2287 Dus
2232 2229 2274 2287 iat
2296 2229 2364 2289 ciue
2384 2248 2497 2309 prosse

478 2309 555 2376 Non
579 2323 688 2395 potest
714 2314 778 2378 sibi
805 2314 904 2377 lromo
932 2334 1064 2380 sumere
1090 2313 1230 2400 aliquid,
1257 2317 1321 2380 nisi
1349 2315 1460 2381 datum
1485 2310 1640 2391 liudwit
1662 2330 1751 2374 ¹¹1¹ss0
1772 2311 1991 2401 nemotedlt·

479 2397 524 2461 sit
546 2397 576 2461 ci
598 2398 751 2482 desuper.
796 2397 950 2464 Christus
972 2400 1138 2494 prohibet,
1162 2397 1303 2486 exempli
1326 2421 1473 2467 caussa·
1600 2395 1663 2460 Est
1685 2397 1787 2462 decus
1809 2408 1842 2461 et
1864 2398 1969 2462 virtus
1992 2397 2112 2464 cedere
2134 2399 2177 2462 de
2198 2398 2375 2485 dignitate,
2408 2399 2494 2466 ecci·

478 2478 618 2547 illinon
643 2485 817 2560 obediunt,
850 2506 917 2551 non
944 2488 1107 2564 vanitate,
1136 2488 1197 2550 sed
1226 2499 1263 2557 ut
1285 2485 1358 2553 Deo
1387 2485 1460 2573 glo·
1510 2500 1592 2565 pere
1612 2480 1747 2568 plagam
1767 2478 1924 2567 publicae
1945 2486 2039 2567 pacis
2051 2503 2186 2563 caussa,
2208 2504 2275 2549 non
2292 2486 2497 2554 contendere

478 2570 560 2634 rium
583 2571 748 2634 tribuenti
787 2571 881 2635 Duas
902 2573 950 2636 sie
966 2574 1112 2655 empitius
1130 2573 1249 2657 peiren,
1270 2574 1332 2637 tter
1354 2573 1461 2638 Manu
1511 2569 1584 2633 siue
1615 2568 1684 2633 line
1712 2568 1756 2632 ad
1778 2569 2006 2654 dissipandam
2028 2568 2280 2655 Rernpublicam
2313 2583 2347 2636 et
2378 2570 2496 2639 Eccle-

479 2655 524 2719 ist
542 2656 605 2721 tier·
625 2653 785 2734 Messias,
815 2659 857 2720 de
879 2677 944 2742 quo
968 2655 1148 2742 loquuntur
1172 2655 1370 2743 Prophetae.
1413 2658 1460 2724 So
1510 2654 1603 2720 siam.
1659 2653 1717 2720 Sic
1739 2653 1976 2721 Hermocrates
2009 2656 2098 2741 apud
2124 2655 2354 2741 Thucydidem
2375 2658 2493 2745 iuquitv

479 2739 582 2804 buben
599 2743 647 2805 sie
668 2742 758 2805 boida
778 2742 879 2806 recht.
924 2741 1078 2807 Christus
1101 2745 1239 2828 praebet
1261 2741 1457 2830 exemplum,
1508 2743 1581 2805 Non
1602 2750 1654 2806 ert
1667 2749 1762 2823 turpe
1783 2743 1976 2808 domesticae
1996 2745 2178 2808 dornesticis
2198 2745 2332 2821 cedere,
2355 2747 2418 2811 aaa
2433 2749 2496 2813 eoi·

478 2839 515 2890 ut
538 2829 678 2891 vitemus
699 2829 900 2906 iactantiam,
917 2829 1184 2909 ostentationem,
1202 2842 1235 2895 ct
1257 2831 1458 2909 contraisti
1481 2852 1487 2917 p
1509 2833 1564 2890 ten
1582 2834 1642 2891 wir
1660 2827 1813 2893 vietmeitr
1833 2828 1867 2891 in
1884 2824 2050 2901 Ecclesia.
2071 2833 2166 2906 tina,
2198 2840 2235 2895 ut
2264 2849 2389 2915 corpus
2417 2851 2494 2897 coa·

479 2911 600 2979 debent
623 2909 795 2978 celebrare
815 2911 936 2994 Deum,
956 2915 1057 2998 idque
1078 2935 1161 2981 vero
1184 2917 1298 2983 corde.
1508 2907 1668 3016 lesceqet:
1691 2914 1776 2979 dher
1797 2915 1841 2980 do
1862 2920 1963 2980 situeu
1984 2921 2057 2994 ton,
2079 2917 2149 2982 aad
2167 2918 2329 2996 anactea,
2352 2914 2495 3004 o‘puute-

632 3089 768 3173 ΑΗΕ
783 3091 955 3202 goria
1008 3040 1302 3177 eraculi.
1507 3021 1564 3078 lm
1586 2998 1775 3162 lllleldiidere,
1797 3093 1834 3149 ut
1851 3082 1972 3170 aliquis
2003 3087 2037 3150 in
2070 3087 2187 3152 eodem
2219 3084 2357 3171 imperio
2392 3083 2489 3152 elteri

1509 3169 1551 3234 de
1571 3168 1710 3255 imperio
1732 3170 1842 3250 cedat,
1863 3192 1929 3237 non
1953 3183 2004 3237 est
2022 3175 2117 3257 parvi
2133 3172 2287 3239 momenti
2306 3190 2375 3238 res.
2408 3171 2489 3238 idea

562 3253 698 3320 Sanctio
720 3256 816 3321 istius
837 3257 918 3323 muti
940 3267 975 3321 et
996 3257 1101 3338 surdi,
1116 3260 1312 3346 estsignum
1334 3260 1376 3325 de
1399 3278 1457 3325 vo·
1508 3266 1620 3340 potest
1641 3254 1705 3321 hoc
1727 3277 1808 3322 vere
1829 3259 1991 3324 nominari
2012 3259 2211 3346 καθόρθωμα
2231 3258 2428 3324 Bemhardi.

477 3340 609 3405 catione
632 3341 795 3427 gentium:
818 3355 850 3409 et
872 3342 1161 3430 significetquod,
1174 3347 1339 3432 quiantea
1361 3357 1458 3412 erant
1594 3338 1785 3423 hetherius,
1810 3345 1992 3429 composite
2005 3342 2109 3425 italia,
2132 3345 2313 3424 constituit,
2336 3341 2491 3431 utleges,

474 3427 583 3511 ignari
606 3428 777 3492 doctrinae
800 3430 841 3492 de
859 3428 947 3508 Deo,
971 3431 1063 3495 surdi
1084 3442 1119 3496 et
1139 3433 1231 3517 muti,
1253 3434 1317 3497 iam
1338 3451 1458 3498 sanen-
1508 3447 1595 3513 quae
1617 3448 1705 3494 nuuc
1727 3441 1822 3508 sunt,
1851 3441 2045 3496 eruerentur
2077 3451 2214 3511 rursus,
2248 3443 2282 3497 et
2313 3450 2491 3502 conserva·

475 3522 529 3577 tur
551 3514 666 3576 verbo.
701 3515 767 3578 Pro
789 3513 857 3580 hoc
878 3514 1041 3580 beneficio
1064 3517 1192 3602 gratias
1214 3537 1353 3604 agamus
1369 3515 1458 3598 Deo,
1508 3526 1639 3600 rentur;
1661 3513 2153 3619 quiaanteainvelueranthon
2181 3517 2361 3583 oberdicee
2385 3514 2490 3604 leges.

475 3608 510 3663 et
542 3599 723 3664 excitemus
756 3620 820 3666 nos
851 3602 895 3665 eb
926 3602 1172 3668 invocationem
1203 3601 1270 3669 hoo
1292 3602 1456 3689 exemplo.
1507 3599 1647 3668 Publice
1674 3604 1774 3688 igitur
1796 3604 1926 3669 curavit
1946 3602 2124 3670 Lotharius
2157 3538 2225 3690 iugi
2254 3599 2332 3668 illos
2359 3614 2492 3669 veteres
2547 3678 2555 3691 Ι,

473 3681 582 3748 Etiam
603 3703 668 3748 nos
690 3705 805 3751 sumus
834 3687 926 3753 surdi
953 3699 986 3752 et
1007 3689 1096 3753 muti.
1141 3687 1333 3774 Cogitemus
1360 3709 1456 3778 ergo,
1507 3683 1612 3752 libros
1645 3684 1757 3773 legum
1790 3686 2028 3756 Romanarum.
2089 3688 2157 3755 lam
2197 3701 2277 3755 sunt
2303 3690 2384 3755 anni
2415 3688 2490 3755 atto.

474 3789 573 3855 quam
601 3772 775 3836 misserimi
811 3772 963 3838 homines
991 3776 1106 3840 simus.
1158 3775 1309 3862 Quisque
1342 3777 1385 3843 do
1418 3797 1456 3842 se
1480 3774 1485 3886 Ι
1506 3772 1590 3838 Post
1611 3785 1749 3838 mortem
1772 3772 1920 3839 Lothurii
1943 3777 2110 3842 successit
2133 3774 2327 3855 Conradus,
2355 3776 2410 3843 cui
2431 3770 2492 3843 fuit

477 3857 617 3941 cogitem
639 3878 704 3944 ego
727 3856 847 3924 saltem
870 3860 912 3924 de
941 3861 1071 3926 duobus
1099 3882 1188 3927 nune
1216 3863 1341 3943 dicam,
1369 3883 1456 3948 quae
1506 3856 1725 3925 Bernhardus
1757 3860 1931 3942 hortator,
1963 3874 2000 3926 ιιι
2027 3864 2216 3948 susciperet
2248 3862 2492 3948 expeditionem

476 3943 667 4021 ostendunt,
699 3963 764 4008 nos
796 3964 875 4012 esse
903 3959 1023 4012 mutos.
1079 3945 1186 4021 Quam
1218 3968 1335 4016 sumus
1369 3950 1455 4014 enim
1506 3964 1626 4010 versus
1643 3944 1925 4032 Hierosolymam,
1954 3958 1990 4013 ιιι
2021 3948 2066 4014 ibi
2088 3949 2283 4033 reprimeret
2314 3950 2492 4015 barbaros.

474 4023 584 4113 lirgtdr
608 4049 641 4092 m
662 4032 892 4113 invocatione,
919 4042 954 4097 et
980 4029 1084 4098 multo
1112 4030 1303 4120 frigidiores
1325 4037 1358 4100 in
1380 4055 1455 4121 gru·
1506 4031 1544 4097 ld
1564 4028 1644 4096 iecit
1667 4029 1856 4112 Conradus,
1878 4045 1913 4098 et
1934 4031 2059 4120 aliquid
2080 4031 2232 4119 proiecit.

475 4113 593 4180 tiaram
615 4116 758 4181 actione.
803 4118 839 4182 si
862 4116 988 4185 nullum
1009 4116 1099 4185 aliud
1122 4131 1294 4205 peccatum
1316 4121 1455 4187 hahere·
1591 4116 1629 4182 lu
1652 4116 1807 4185 Conrado
1836 4130 1889 4185 est
1909 4120 2008 4185 etiam
2034 4117 2123 4186 ahud
2153 4117 2337 4206 exemplum
2364 4117 2492 4187 humili·

474 4219 562 4280 mus,
585 4222 684 4286 quam
706 4205 796 4288 quod
818 4226 887 4270 non
908 4207 1117 4285 invocamus,
1139 4204 1195 4272 vel
1217 4205 1338 4296 frigide
1361 4210 1455 4273 invo·
1507 4204 1596 4269 tatis.
1646 4203 1770 4271 Habuit
1801 4202 1926 4272 bellum
1959 4227 2035 4272 cum
2069 4207 2154 4274 dirce
2175 4206 2339 4273 Bavariae
2369 4226 2413 4272 ex
2442 4206 2492 4273 fa·

474 4305 603 4366 camus,
625 4300 659 4357 et
680 4310 748 4354 non
769 4292 900 4377 agimus
922 4291 997 4357 Deo
1019 4294 1164 4377 gratins3
1185 4291 1243 4360 illa
1263 4306 1378 4360 essent
1400 4316 1455 4362 sa·
1507 4285 1597 4356 milia
1619 4287 1959 4378 Guelphorum‚'oum
1979 4292 2098 4359 hostes
2119 4295 2243 4359 victum
2264 4295 2298 4359 iu
2320 4313 2403 4359 arce
2422 4312 2492 4359 non

473 4371 518 4438 tis
537 4393 661 4459 magua
682 4388 716 4440 et
737 4379 845 4443 tristia
866 4377 964 4444 uiola.
1009 4379 1106 4447 Hanc
1126 4380 1293 4446 miseriam
1314 4400 1377 4447 nos
1399 4402 1455 4470 ag·
1505 4373 1693 4456 habereut,
1734 4399 1832 4463 quam
1866 4379 2042 4444 obsidebat
2073 4376 2275 4459 Conradus,
2313 4376 2494 4446 voluerunt

472 4475 618 4526 noscere
649 4469 682 4525 et
714 4462 890 4548 deplorare
922 4465 1104 4541 dehemus,
1138 4477 1175 4534 ut
1204 4468 1456 4535 consideremus
1506 4461 1656 4529 inutilem
1676 4466 1807 4531 turbam
1829 4476 1965 4550 propter
1986 4462 2106 4531 famem
2135 4485 2320 4532 semovere·
2375 4464 2491 4570 Roga·

471 4543 682 4699 llmldem
704 4558 739 4612 et
770 4551 949 4633 potentiam
971 4550 1129 4632 Diaboli,
1161 4565 1195 4619 et
1228 4575 1386 4625 oremus,
1420 4566 1456 4623 ut
1505 4560 1583 4615 runt
1604 4546 1761 4616 mulieres
1781 4550 2028 4636 imperatorem,
2050 4564 2087 4617 ut
2108 4553 2157 4617 eis
2176 4552 2376 4618 concederet
2397 4553 2493 4619 abire

507 4650 569 4699 eus
590 4650 692 4699 eures
713 4635 852 4718 aperiat,
869 4647 901 4699 et
923 4634 1070 4723 linguam
1092 4641 1255 4708 exuscitet
1276 4643 1321 4708 ad
1345 4660 1455 4707 veram
1507 4646 1678 4702 inlocum
1709 4636 1751 4702 lis
1778 4640 1892 4716 rebus,
1926 4658 2009 4743 quas
2043 4649 2179 4724 gesture
2206 4648 2357 4723 possent.
2408 4634 2493 4707 lllne

470 4717 718 4791 invocationem
739 4732 773 4788 et
795 4722 976 4806 gratiarum
997 4723 1173 4791 actionem.
1506 4718 1661 4787 mulieres
1683 4719 1892 4790 sustulerunt
1913 4745 2006 4789 vrros
2030 4744 2112 4791 suos
2134 4726 2167 4789 iu
2189 4723 2359 4804 humeros,
2387 4736 2493 4811 atque

751 4823 755 4831 ·
1506 4808 1550 4874 ite
1573 4818 1790 4892 exportarent
1811 4830 1854 4874 ex
1875 4829 1965 4876 erce.
2012 4810 2194 4895 imperator
2215 4808 2402 4876 delectatus
2423 4810 2494 4877 hoo

425 4950 428 4955 .
1505 4893 1936 4980 strategematemuiiemm,
1952 4897 2060 4977 iussit,
2081 4908 2118 4963 ut
2139 4900 2172 4962 in
2198 4898 2339 4964 tentoria
2360 4894 2492 4964 ferren-

471 4990 711 5065 fflSToch
753 4992 816 5063 DE
858 4994 1138 5066 BERNHARDO
1186 4997 1245 5065 ΕΤ
1287 4996 1456 5068 ΒΑΒΤΟ.
1507 4991 1572 5060 tur,
1594 4994 1628 5047 et
1649 4986 1799 5047 amanter
1831 4982 1996 5049 tractavit.
2051 4982 2100 5049 ihi
2155 5005 2198 5049 ax
2231 4997 2284 5050 est
2315 4980 2424 5062 foeta,
2458 4992 2494 5051 et

866 5082 1064 5150 mmm,
1506 5068 1639 5133 nomine
1660 5064 1800 5134 fratrum
1821 5086 1860 5133 se
1890 5080 2003 5136 mutuo
2031 5005 2251 5155 appellbrunt.
2298 5072 2369 5136 iius
2397 5068 2493 5154 aaut

1505 5156 1633 5220 Bonum
1654 5163 1706 5221 eet
1724 5160 1758 5221 ta
1779 5161 1958 5239 eapientem
1980 5163 2128 5223 uictorem
2151 5159 2311 5224 incideret
2339 5158 2410 5222 und
2429 5157 2493 5224 tine

473 5287 659 5396 Quorum
703 5306 934 5382 sanctorum
985 5300 1181 5384 memoria
1234 5313 1298 5384 est
1350 5299 1457 5384 cele·
1479 5321 1485 5335 ·
1505 5242 1994 5413 mtgtrteviqqqqmgqqqqqn
2017 5241 2338 5406 dddilldlienllddic,
2360 5242 2493 5395 idalii

707 5417 826 5504 brata
855 5418 933 5503 hac
962 5419 1219 5532 septimana?
1505 5412 1630 5478 habent
1662 5431 1745 5478 suos
1768 5432 1916 5493 naevos,
1947 5426 2058 5480 tamen
2091 5411 2226 5482 fuerunt
2256 5415 2493 5495 modestiores,

557 5580 587 5649 B
1507 5517 1605 5651 quam
1627 5518 1716 5604 nque
1734 5510 1827 5607 suut.
1870 5498 1981 5586 Turpe
2002 5516 2056 5566 est
2077 5502 2292 5588 degenerare.
2334 5500 2492 5576 Quotidie

594 5579 790 5652 eruherdi
822 5584 889 5668 [die
921 5584 977 5651 2⁰.
1011 5585 1170 5674 Augusti]
1203 5596 1237 5652 et
1268 5581 1456 5653 Bartole·
1531 5585 1636 5651 abetis
1658 5605 1823 5672 inspicere
1846 5583 2044 5654 Celenderis
2064 5609 2171 5655 mune.
