<?xml version="1.0" encoding="UTF-8"?>
<!DOCTYPE html PUBLIC "-//W3C//DTD XHTML 1.0 Transitional//EN"
    "http://www.w3.org/TR/xhtml1/DTD/xhtml1-transitional.dtd">
<html xmlns="http://www.w3.org/1999/xhtml" xml:lang="en" lang="en">
 <head>
  <title>
</title>
<meta http-equiv="Content-Type" content="text/html;charset=utf-8" />
  <meta name='ocr-system' content='tesseract 3.04.00' />
  <meta name='ocr-capabilities' content='ocr_page ocr_carea ocr_par ocr_line ocrx_word'/>
</head>
<body>
  <div class='ocr_page' id='page_1' title='image "./philippimelanth06melagoog/philippimelanth06melagoog_0232.png"; bbox 0 0 5934 6709; ppageno 0'>
   <div class='ocr_carea' id='block_1_1' title="bbox 977 620 5013 747">
    <p class='ocr_par' dir='ltr' id='par_1_1' title="bbox 977 620 5013 747">
     <span class='ocr_line' id='line_1_1' title="bbox 977 620 5013 747; baseline 0.001 -32"><span class='ocrx_word' id='word_1_1' title='bbox 977 647 1113 715; x_wconf 80' lang='grc' dir='ltr'>ι55</span> <span class='ocrx_word' id='word_1_2' title='bbox 2099 742 2104 747; x_wconf 16' lang='grc' dir='ltr'>Π</span> <span class='ocrx_word' id='word_1_3' title='bbox 2256 647 2484 716; x_wconf 73' lang='lat' dir='ltr'>prm..</span> <span class='ocrx_word' id='word_1_4' title='bbox 2525 646 2734 717; x_wconf 81' lang='lat' dir='ltr'><strong>MEL.</strong></span> <span class='ocrx_word' id='word_1_5' title='bbox 2777 646 3156 719; x_wconf 66' lang='lat' dir='ltr'>sonim-A</span> <span class='ocrx_word' id='word_1_6' title='bbox 3188 620 3730 718; x_wconf 74' lang='lat' dir='ltr'>‘mom0A.</span> <span class='ocrx_word' id='word_1_7' title='bbox 4877 650 5013 718; x_wconf 78' lang='lat'>456</span> 
     </span>
    </p>
   </div>
   <div class='ocr_carea' id='block_1_2' title="bbox 974 822 5019 1361">
    <p class='ocr_par' dir='ltr' id='par_1_2' title="bbox 974 822 5019 1361">
     <span class='ocr_line' id='line_1_2' title="bbox 974 822 5013 926; baseline 0.001 -23"><span class='ocrx_word' id='word_1_8' title='bbox 974 847 1050 903; x_wconf 88' lang='lat' dir='ltr'>ut</span> <span class='ocrx_word' id='word_1_9' title='bbox 1079 833 1391 904; x_wconf 78' lang='lat' dir='ltr'><strong>Ecclesia</strong></span> <span class='ocrx_word' id='word_1_10' title='bbox 1411 836 1656 902; x_wconf 89' lang='lat' dir='ltr'>habeat</span> <span class='ocrx_word' id='word_1_11' title='bbox 1677 856 1918 922; x_wconf 91' lang='lat' dir='ltr'>panem</span> <span class='ocrx_word' id='word_1_12' title='bbox 1963 822 2031 903; x_wconf 82' lang='lat' dir='ltr'>et</span> <span class='ocrx_word' id='word_1_13' title='bbox 2074 857 2337 925; x_wconf 87' lang='lat' dir='ltr'>aquam,</span> <span class='ocrx_word' id='word_1_14' title='bbox 2377 838 2444 903; x_wconf 87' lang='lat' dir='ltr'>id</span> <span class='ocrx_word' id='word_1_15' title='bbox 2488 847 2617 918; x_wconf 91' lang='lat' dir='ltr'>est,</span> <span class='ocrx_word' id='word_1_16' title='bbox 2651 838 2936 914; x_wconf 79' lang='lat' dir='ltr'>victnm3</span> <span class='ocrx_word' id='word_1_17' title='bbox 3055 858 3260 925; x_wconf 89' lang='lat' dir='ltr'>gnum</span> <span class='ocrx_word' id='word_1_18' title='bbox 3282 835 3449 919; x_wconf 87' lang='lat' dir='ltr'>Dei,</span> <span class='ocrx_word' id='word_1_19' title='bbox 3480 835 3725 906; x_wconf 83' lang='lat' dir='ltr'>babeat</span> <span class='ocrx_word' id='word_1_20' title='bbox 3748 860 3976 906; x_wconf 88' lang='lat' dir='ltr'>curam</span> <span class='ocrx_word' id='word_1_21' title='bbox 4010 840 4337 921; x_wconf 90' lang='lat' dir='ltr'>discendi,</span> <span class='ocrx_word' id='word_1_22' title='bbox 4380 853 4446 906; x_wconf 89' lang='lat' dir='ltr'>et</span> <span class='ocrx_word' id='word_1_23' title='bbox 4466 851 4672 926; x_wconf 85' lang='lat' dir='ltr'>petat,</span> <span class='ocrx_word' id='word_1_24' title='bbox 4716 852 4787 906; x_wconf 89' lang='lat' dir='ltr'>ut</span> <span class='ocrx_word' id='word_1_25' title='bbox 4816 840 5013 907; x_wconf 77' lang='lat' dir='ltr'>Deua</span> 
     </span>
     <span class='ocr_line' id='line_1_3' title="bbox 974 922 5015 1014; baseline 0.002 -26"><span class='ocrx_word' id='word_1_26' title='bbox 974 923 1070 988; x_wconf 87' lang='lat' dir='ltr'>ita</span> <span class='ocrx_word' id='word_1_27' title='bbox 1114 933 1333 988; x_wconf 89' lang='lat' dir='ltr'>tamen</span> <span class='ocrx_word' id='word_1_28' title='bbox 1376 934 1450 988; x_wconf 91' lang='lat' dir='ltr'>ut</span> <span class='ocrx_word' id='word_1_29' title='bbox 1490 924 1734 988; x_wconf 81' lang='lat' dir='ltr'>habeat</span> <span class='ocrx_word' id='word_1_30' title='bbox 1765 925 1961 989; x_wconf 87' lang='lat' dir='ltr'>etiam</span> <span class='ocrx_word' id='word_1_31' title='bbox 1997 925 2222 991; x_wconf 72' lang='lat' dir='ltr'>varias</span> <span class='ocrx_word' id='word_1_32' title='bbox 2273 944 2624 991; x_wconf 76' lang='lat' dir='ltr'><strong>aerumnas</strong></span> <span class='ocrx_word' id='word_1_33' title='bbox 2669 938 2737 989; x_wconf 91' lang='lat' dir='ltr'>et</span> <span class='ocrx_word' id='word_1_34' title='bbox 2778 922 2947 990; x_wconf 82' lang='lat' dir='ltr'>affli·</span> <span class='ocrx_word' id='word_1_35' title='bbox 3051 936 3288 1010; x_wconf 79' lang='lat' dir='ltr'>regnet</span> <span class='ocrx_word' id='word_1_36' title='bbox 3330 927 3398 989; x_wconf 87' lang='lat' dir='ltr'>in</span> <span class='ocrx_word' id='word_1_37' title='bbox 3441 926 3627 1009; x_wconf 91' lang='lat' dir='ltr'>ipso,</span> <span class='ocrx_word' id='word_1_38' title='bbox 3671 938 3738 993; x_wconf 92' lang='lat' dir='ltr'>et</span> <span class='ocrx_word' id='word_1_39' title='bbox 3781 928 4107 1014; x_wconf 78' lang='lat' dir='ltr'>gubernet</span> <span class='ocrx_word' id='word_1_40' title='bbox 4164 947 4333 994; x_wconf 89' lang='lat' dir='ltr'>eum.</span> <span class='ocrx_word' id='word_1_41' title='bbox 4418 927 4615 999; x_wconf 85' lang='lat' dir='ltr'>Item,</span> <span class='ocrx_word' id='word_1_42' title='bbox 4676 929 4874 993; x_wconf 86' lang='lat' dir='ltr'>debet</span> <span class='ocrx_word' id='word_1_43' title='bbox 4930 948 5015 996; x_wconf 84' lang='lat' dir='ltr'>se</span> 
     </span>
     <span class='ocr_line' id='line_1_4' title="bbox 981 1007 5015 1098; baseline 0.002 -23"><span class='ocrx_word' id='word_1_44' title='bbox 981 1009 1268 1075; x_wconf 78' lang='lat' dir='ltr'>ctioneS.</span> <span class='ocrx_word' id='word_1_45' title='bbox 1341 1008 1443 1075; x_wconf 91' lang='lat' dir='ltr'>Sit</span> <span class='ocrx_word' id='word_1_46' title='bbox 1478 1029 1643 1098; x_wconf 89' lang='lat' dir='ltr'>ergo</span> <span class='ocrx_word' id='word_1_47' title='bbox 1665 1010 1836 1075; x_wconf 88' lang='lat' dir='ltr'>haec</span> <span class='ocrx_word' id='word_1_48' title='bbox 1877 1007 2111 1097; x_wconf 83' lang='lat' dir='ltr'>regula</span> <span class='ocrx_word' id='word_1_49' title='bbox 2135 1012 2203 1076; x_wconf 91' lang='lat' dir='ltr'>in</span> <span class='ocrx_word' id='word_1_50' title='bbox 2225 1022 2625 1097; x_wconf 75' lang='lat' dir='ltr'>conspectat</span> <span class='ocrx_word' id='word_1_51' title='bbox 2669 1010 2948 1074; x_wconf 65' lang='lat' dir='ltr'>Primam</span> <span class='ocrx_word' id='word_1_52' title='bbox 3050 1011 3413 1097; x_wconf 90' lang='lat' dir='ltr'>adiungere</span> <span class='ocrx_word' id='word_1_53' title='bbox 3456 1012 3545 1076; x_wconf 80' lang='lat' dir='ltr'>ad</span> <span class='ocrx_word' id='word_1_54' title='bbox 3587 1033 3820 1079; x_wconf 87' lang='lat' dir='ltr'>verum</span> <span class='ocrx_word' id='word_1_55' title='bbox 3863 1013 4332 1092; x_wconf 89' lang='lat' dir='ltr'>ministerium,</span> <span class='ocrx_word' id='word_1_56' title='bbox 4385 1022 4455 1078; x_wconf 90' lang='lat' dir='ltr'>et</span> <span class='ocrx_word' id='word_1_57' title='bbox 4504 1015 4593 1079; x_wconf 86' lang='lat' dir='ltr'>ad</span> <span class='ocrx_word' id='word_1_58' title='bbox 4634 1011 5015 1085; x_wconf 76' lang='lat' dir='ltr'>Ecclesiam</span> 
     </span>
     <span class='ocr_line' id='line_1_5' title="bbox 976 1095 5015 1181; baseline 0.001 -20"><span class='ocrx_word' id='word_1_59' title='bbox 976 1099 1277 1180; x_wconf 66' lang='lat' dir='ltr'>quaer-ite,</span> <span class='ocrx_word' id='word_1_60' title='bbox 1322 1103 1441 1160; x_wconf 80' lang='lat' dir='ltr'>etc.</span> <span class='ocrx_word' id='word_1_61' title='bbox 3048 1115 3299 1176; x_wconf 86' lang='lat' dir='ltr'>veram,</span> <span class='ocrx_word' id='word_1_62' title='bbox 3341 1098 3515 1164; x_wconf 80' lang='lat' dir='ltr'>sicut</span> <span class='ocrx_word' id='word_1_63' title='bbox 3556 1095 3864 1165; x_wconf 89' lang='lat' dir='ltr'>Psalmus</span> <span class='ocrx_word' id='word_1_64' title='bbox 3913 1099 4111 1167; x_wconf 87' lang='lat' dir='ltr'>dicit:</span> <span class='ocrx_word' id='word_1_65' title='bbox 4173 1098 4373 1161; x_wconf 82' lang='lat' dir='ltr'>Unam</span> <span class='ocrx_word' id='word_1_66' title='bbox 4404 1102 4574 1181; x_wconf 82' lang='lat' dir='ltr'>petii</span> <span class='ocrx_word' id='word_1_67' title='bbox 4626 1122 4668 1162; x_wconf 82' lang='lat' dir='ltr'>a</span> <span class='ocrx_word' id='word_1_68' title='bbox 4708 1100 5015 1179; x_wconf 74' lang='lat' dir='ltr'>Domino,</span> 
     </span>
     <span class='ocr_line' id='line_1_6' title="bbox 2988 1181 5019 1266; baseline 0.005 -24"><span class='ocrx_word' id='word_1_69' title='bbox 2988 1199 2989 1204; x_wconf 50' lang='lat'>¹</span> <span class='ocrx_word' id='word_1_70' title='bbox 3046 1181 3211 1243; x_wconf 72' lang='lat' dir='ltr'>laone</span> <span class='ocrx_word' id='word_1_71' title='bbox 3251 1188 3580 1266; x_wconf 74' lang='lat' dir='ltr'>requiram,</span> <span class='ocrx_word' id='word_1_72' title='bbox 3623 1192 3693 1248; x_wconf 77' lang='lat' dir='ltr'>ut</span> <span class='ocrx_word' id='word_1_73' title='bbox 3726 1184 3992 1246; x_wconf 72' lang='lat' dir='ltr'>habitem</span> <span class='ocrx_word' id='word_1_74' title='bbox 4033 1187 4102 1246; x_wconf 88' lang='lat' dir='ltr'>in</span> <span class='ocrx_word' id='word_1_75' title='bbox 4143 1185 4329 1249; x_wconf 73' lang='lat' dir='ltr'>domo</span> <span class='ocrx_word' id='word_1_76' title='bbox 4353 1185 4636 1260; x_wconf 82' lang='lat' dir='ltr'>Domini,</span> <span class='ocrx_word' id='word_1_77' title='bbox 4680 1194 4799 1250; x_wconf 85' lang='lat' dir='ltr'>etc.</span> <span class='ocrx_word' id='word_1_78' title='bbox 4866 1187 5019 1252; x_wconf 75' lang='lat' dir='ltr'>Dae</span> 
     </span>
     <span class='ocr_line' id='line_1_7' title="bbox 2988 1267 5015 1361; baseline 0.005 -32"><span class='ocrx_word' id='word_1_79' title='bbox 2988 1342 2989 1347; x_wconf 5' lang='grc' dir='ltr'>ἵ</span> <span class='ocrx_word' id='word_1_80' title='bbox 3045 1267 3271 1350; x_wconf 71' lang='lat' dir='ltr'>qeltort</span> <span class='ocrx_word' id='word_1_81' title='bbox 3312 1270 3470 1333; x_wconf 77' lang='lat' dir='ltr'>alles</span> <span class='ocrx_word' id='word_1_82' title='bbox 3510 1275 3578 1334; x_wconf 91' lang='lat' dir='ltr'>in</span> <span class='ocrx_word' id='word_1_83' title='bbox 3626 1272 3747 1333; x_wconf 73' lang='lat' dir='ltr'>dos</span> <span class='ocrx_word' id='word_1_84' title='bbox 3786 1279 3975 1340; x_wconf 82' lang='lat' dir='ltr'>wort:</span> <span class='ocrx_word' id='word_1_85' title='bbox 4030 1291 4310 1359; x_wconf 80' lang='lat' dir='ltr'>regnum</span> <span class='ocrx_word' id='word_1_86' title='bbox 4352 1272 4507 1353; x_wconf 87' lang='lat' dir='ltr'>Dei,</span> <span class='ocrx_word' id='word_1_87' title='bbox 4562 1274 4810 1361; x_wconf 89' lang='lat' dir='ltr'>agnitio</span> <span class='ocrx_word' id='word_1_88' title='bbox 4854 1272 5015 1351; x_wconf 80' lang='lat' dir='ltr'>Dei.</span> 
     </span>
    </p>
   </div>
   <div class='ocr_carea' id='block_1_3' title="bbox 1282 1356 5017 1533">
    <p class='ocr_par' dir='ltr' id='par_1_3' title="bbox 1282 1356 5017 1533">
     <span class='ocr_line' id='line_1_8' title="bbox 1422 1356 5017 1436; baseline 0.005 -24"><span class='ocrx_word' id='word_1_89' title='bbox 1422 1393 1440 1412; x_wconf 89' lang='lat'><strong>.</strong></span> <span class='ocrx_word' id='word_1_90' title='bbox 1608 1392 1625 1410; x_wconf 90' lang='lat'><strong>.</strong></span> <span class='ocrx_word' id='word_1_91' title='bbox 1750 1391 1768 1410; x_wconf 88' lang='lat'><strong>.</strong></span> <span class='ocrx_word' id='word_1_92' title='bbox 2570 1394 2588 1413; x_wconf 89' lang='lat'><strong>.</strong></span> <span class='ocrx_word' id='word_1_93' title='bbox 3048 1357 3323 1421; x_wconf 86' lang='lat' dir='ltr'>verbum</span> <span class='ocrx_word' id='word_1_94' title='bbox 3364 1356 3518 1436; x_wconf 87' lang='lat' dir='ltr'>Dei,</span> <span class='ocrx_word' id='word_1_95' title='bbox 3560 1359 4015 1435; x_wconf 87' lang='lat' dir='ltr'>ministerium,</span> <span class='ocrx_word' id='word_1_96' title='bbox 4057 1357 4406 1427; x_wconf 80' lang='lat' dir='ltr'>Ecclesia:</span> <span class='ocrx_word' id='word_1_97' title='bbox 4450 1359 4588 1424; x_wconf 92' lang='lat' dir='ltr'>lmo</span> <span class='ocrx_word' id='word_1_98' title='bbox 4632 1361 4827 1426; x_wconf 89' lang='lat' dir='ltr'>etiam</span> <span class='ocrx_word' id='word_1_99' title='bbox 4874 1362 5017 1429; x_wconf 71' lang='lat' dir='ltr'>vita</span> 
     </span>
     <span class='ocr_line' id='line_1_9' title="bbox 1282 1390 5015 1533; baseline 0.005 -38"><span class='ocrx_word' id='word_1_100' title='bbox 1282 1390 1504 1495; x_wconf 75' lang='lat' dir='ltr'><strong>de</strong></span> <span class='ocrx_word' id='word_1_101' title='bbox 1565 1392 1969 1503; x_wconf 80' lang='lat' dir='ltr'>s1gmficat</span> <span class='ocrx_word' id='word_1_102' title='bbox 2026 1420 2372 1505; x_wconf 70' lang='lat' dir='ltr'>regnum</span> <span class='ocrx_word' id='word_1_103' title='bbox 2432 1390 2641 1486; x_wconf 52' lang='lat' dir='ltr'>Del?</span> <span class='ocrx_word' id='word_1_104' title='bbox 3047 1453 3351 1520; x_wconf 81' lang='lat' dir='ltr'>aeterna3</span> <span class='ocrx_word' id='word_1_105' title='bbox 3395 1445 3549 1529; x_wconf 86' lang='lat' dir='ltr'>quia</span> <span class='ocrx_word' id='word_1_106' title='bbox 3580 1443 3749 1510; x_wconf 89' lang='lat' dir='ltr'>baec</span> <span class='ocrx_word' id='word_1_107' title='bbox 3784 1446 4005 1511; x_wconf 89' lang='lat' dir='ltr'>omnia</span> <span class='ocrx_word' id='word_1_108' title='bbox 4026 1456 4182 1511; x_wconf 87' lang='lat' dir='ltr'>sunt</span> <span class='ocrx_word' id='word_1_109' title='bbox 4204 1466 4326 1530; x_wconf 93' lang='lat' dir='ltr'>per</span> <span class='ocrx_word' id='word_1_110' title='bbox 4351 1447 4602 1533; x_wconf 88' lang='lat' dir='ltr'>gradus</span> <span class='ocrx_word' id='word_1_111' title='bbox 4628 1448 5015 1515; x_wconf 79' lang='lat' dir='ltr'>coniuncta.</span> 
     </span>
    </p>
   </div>
   <div class='ocr_carea' id='block_1_4' title="bbox 972 1527 5021 1792">
    <p class='ocr_par' dir='ltr' id='par_1_4' title="bbox 972 1527 5021 1792">
     <span class='ocr_line' id='line_1_10' title="bbox 1149 1527 5019 1639; baseline 0.002 -48"><span class='ocrx_word' id='word_1_112' title='bbox 1149 1573 1222 1639; x_wconf 55' lang='lat' dir='ltr'>Si</span> <span class='ocrx_word' id='word_1_113' title='bbox 1319 1573 1386 1639; x_wconf 73' lang='lat' dir='ltr'>‚fi</span> <span class='ocrx_word' id='word_1_114' title='bbox 1715 1574 1732 1593; x_wconf 89' lang='lat'><strong>.</strong></span> <span class='ocrx_word' id='word_1_115' title='bbox 2045 1571 2110 1639; x_wconf 81' lang='lat' dir='ltr'><strong>D</strong></span> <span class='ocrx_word' id='word_1_116' title='bbox 2158 1575 2175 1594; x_wconf 89' lang='lat'><strong>.</strong></span> <span class='ocrx_word' id='word_1_117' title='bbox 3221 1527 3504 1602; x_wconf 77' lang='lat' dir='ltr'><strong>Quando</strong></span> <span class='ocrx_word' id='word_1_118' title='bbox 3562 1528 3871 1598; x_wconf 84' lang='lat' dir='ltr'>Christus</span> <span class='ocrx_word' id='word_1_119' title='bbox 3929 1533 4120 1598; x_wconf 81' lang='lat' dir='ltr'>dicit:</span> <span class='ocrx_word' id='word_1_120' title='bbox 4174 1532 4381 1595; x_wconf 81' lang='lat' dir='ltr'>Sinite</span> <span class='ocrx_word' id='word_1_121' title='bbox 4415 1534 4719 1615; x_wconf 77' lang='lat' dir='ltr'>parvulos</span> <span class='ocrx_word' id='word_1_122' title='bbox 4774 1533 4866 1595; x_wconf 82' lang='lat' dir='ltr'>ad</span> <span class='ocrx_word' id='word_1_123' title='bbox 4917 1552 5019 1599; x_wconf 72' lang='lat' dir='ltr'>ms</span> 
     </span>
     <span class='ocr_line' id='line_1_11' title="bbox 972 1573 5021 1735; baseline -0 -11"><span class='ocrx_word' id='word_1_124' title='bbox 972 1657 1166 1726; x_wconf 68' lang='lat' dir='ltr'>neus</span> <span class='ocrx_word' id='word_1_125' title='bbox 1226 1593 1337 1725; x_wconf 58' lang='lat'>§2¹</span> <span class='ocrx_word' id='word_1_126' title='bbox 1391 1586 1499 1725; x_wconf 61' lang='lat'>‘32‘</span> <span class='ocrx_word' id='word_1_127' title='bbox 1535 1573 2747 1735; x_wconf 52' lang='grc' dir='ltr'>ῑέεὲῗιῗωωεῗάεέἑῗωρὶοέἒιῖ</span> <span class='ocrx_word' id='word_1_128' title='bbox 2791 1578 2945 1729; x_wconf 62' lang='grc' dir='ltr'>ἱξῗῗ</span> <span class='ocrx_word' id='word_1_129' title='bbox 3044 1615 3286 1686; x_wconf 57' lang='lat' dir='ltr'>mm,-</span> <span class='ocrx_word' id='word_1_130' title='bbox 3351 1616 3568 1679; x_wconf 57' lang='lat' dir='ltr'>“dm</span> <span class='ocrx_word' id='word_1_131' title='bbox 3634 1625 3730 1680; x_wconf 51' lang='grc' dir='ltr'>θ’*</span> <span class='ocrx_word' id='word_1_132' title='bbox 3780 1637 4033 1723; x_wconf 52' lang='grc' dir='ltr'>’ΞΜ</span> <span class='ocrx_word' id='word_1_133' title='bbox 4086 1618 4431 1690; x_wconf 64' lang='lat' dir='ltr'>⁰⁰0¹⁰r⁸⁰¹⁸³</span> <span class='ocrx_word' id='word_1_134' title='bbox 4487 1620 4650 1724; x_wconf 58' lang='lat'>§1⁰³4</span> <span class='ocrx_word' id='word_1_135' title='bbox 4701 1617 5021 1723; x_wconf 55' lang='lat' dir='ltr'>ieteffisst</span> 
     </span>
     <span class='ocr_line' id='line_1_12' title="bbox 1308 1680 5021 1792; baseline 0.003 -28"><span class='ocrx_word' id='word_1_136' title='bbox 1308 1680 1398 1748; x_wconf 65' lang='lat' dir='ltr'>gn</span> <span class='ocrx_word' id='word_1_137' title='bbox 1858 1706 1878 1736; x_wconf 93' lang='lat'>’</span> <span class='ocrx_word' id='word_1_138' title='bbox 1944 1681 1988 1746; x_wconf 73' lang='lat' dir='ltr'><strong>q</strong></span> <span class='ocrx_word' id='word_1_139' title='bbox 3044 1720 3169 1787; x_wconf 84' lang='lat' dir='ltr'>per</span> <span class='ocrx_word' id='word_1_140' title='bbox 3212 1699 3387 1767; x_wconf 85' lang='lat' dir='ltr'>haec</span> <span class='ocrx_word' id='word_1_141' title='bbox 3431 1704 3669 1770; x_wconf 78' lang='lat' dir='ltr'>verba:</span> <span class='ocrx_word' id='word_1_142' title='bbox 3704 1703 3923 1768; x_wconf 70' lang='lat' dir='ltr'>talam</span> <span class='ocrx_word' id='word_1_143' title='bbox 3965 1711 4061 1769; x_wconf 71' lang='lat' dir='ltr'>est</span> <span class='ocrx_word' id='word_1_144' title='bbox 4093 1725 4344 1787; x_wconf 63' lang='lat' dir='ltr'>regnum</span> <span class='ocrx_word' id='word_1_145' title='bbox 4370 1705 4544 1770; x_wconf 67' lang='lat' dir='ltr'>Dea?</span> <span class='ocrx_word' id='word_1_146' title='bbox 4576 1704 5021 1792; x_wconf 73' lang='lat' dir='ltr'>Significatu·</span> 
     </span>
    </p>
   </div>
   <div class='ocr_carea' id='block_1_5' title="bbox 972 1742 5013 1957">
    <p class='ocr_par' dir='ltr' id='par_1_5' title="bbox 972 1742 5013 1957">
     <span class='ocr_line' id='line_1_13' title="bbox 972 1742 5013 1877; baseline 0.009 -52"><span class='ocrx_word' id='word_1_147' title='bbox 972 1746 1134 1812; x_wconf 71' lang='lat' dir='ltr'>bum</span> <span class='ocrx_word' id='word_1_148' title='bbox 1176 1742 1331 1825; x_wconf 58' lang='lat' dir='ltr'>Del,</span> <span class='ocrx_word' id='word_1_149' title='bbox 1376 1758 1446 1812; x_wconf 64' lang='lat' dir='ltr'>ut</span> <span class='ocrx_word' id='word_1_150' title='bbox 1488 1743 1708 1812; x_wconf 68' lang='lat' dir='ltr'>Deum</span> <span class='ocrx_word' id='word_1_151' title='bbox 1754 1759 1941 1851; x_wconf 55' lang='lat'>‘0⁰5⁰</span> <span class='ocrx_word' id='word_1_152' title='bbox 1987 1749 2401 1852; x_wconf 53' lang='grc' dir='ltr'>851105083ἰῆ</span> <span class='ocrx_word' id='word_1_153' title='bbox 2457 1748 2746 1854; x_wconf 48' lang='lat' dir='ltr'>“adluis</span> <span class='ocrx_word' id='word_1_154' title='bbox 2791 1771 2942 1816; x_wconf 69' lang='lat' dir='ltr'>eum</span> <span class='ocrx_word' id='word_1_155' title='bbox 3045 1788 3353 1853; x_wconf 73' lang='lat' dir='ltr'>remissio</span> <span class='ocrx_word' id='word_1_156' title='bbox 3395 1802 3850 1874; x_wconf 84' lang='lat' dir='ltr'>peccatorum,</span> <span class='ocrx_word' id='word_1_157' title='bbox 3893 1802 3962 1856; x_wconf 90' lang='lat' dir='ltr'>et</span> <span class='ocrx_word' id='word_1_158' title='bbox 3997 1792 4266 1858; x_wconf 87' lang='lat' dir='ltr'>donatio</span> <span class='ocrx_word' id='word_1_159' title='bbox 4310 1792 4598 1877; x_wconf 87' lang='lat' dir='ltr'>Spiritus</span> <span class='ocrx_word' id='word_1_160' title='bbox 4643 1794 4861 1859; x_wconf 80' lang='lat' dir='ltr'>sancti</span> <span class='ocrx_word' id='word_1_161' title='bbox 4938 1802 5013 1861; x_wconf 74' lang='lat' dir='ltr'>et</span> 
     </span>
     <span class='ocr_line' id='line_1_14' title="bbox 973 1832 5011 1957; baseline 0.008 -60"><span class='ocrx_word' id='word_1_162' title='bbox 973 1833 1347 1912; x_wconf 81' lang='lat' dir='ltr'>docentem,</span> <span class='ocrx_word' id='word_1_163' title='bbox 1369 1833 1431 1897; x_wconf 90' lang='lat' dir='ltr'>ei</span> <span class='ocrx_word' id='word_1_164' title='bbox 1453 1834 1957 1917; x_wconf 70' lang='lat' dir='ltr'>obtemperetis,</span> <span class='ocrx_word' id='word_1_165' title='bbox 1979 1851 2037 1897; x_wconf 80' lang='lat' dir='ltr'>ei</span> <span class='ocrx_word' id='word_1_166' title='bbox 2054 1833 2367 1912; x_wconf 80' lang='lat' dir='ltr'>credatis,</span> <span class='ocrx_word' id='word_1_167' title='bbox 2392 1847 2687 1919; x_wconf 71' lang='lat' dir='ltr'>quaerite</span> <span class='ocrx_word' id='word_1_168' title='bbox 2703 1832 2942 1902; x_wconf 88' lang='lat' dir='ltr'>Eccle-</span> <span class='ocrx_word' id='word_1_169' title='bbox 3047 1875 3223 1940; x_wconf 56' lang='lat' dir='ltr'>vitae</span> <span class='ocrx_word' id='word_1_170' title='bbox 3261 1886 3600 1954; x_wconf 58' lang='lat' dir='ltr'><strong>aeternae,</strong></span> <span class='ocrx_word' id='word_1_171' title='bbox 3645 1888 3711 1941; x_wconf 60' lang='lat' dir='ltr'>et</span> <span class='ocrx_word' id='word_1_172' title='bbox 3756 1876 3975 1943; x_wconf 55' lang='lat' dir='ltr'>omma</span> <span class='ocrx_word' id='word_1_173' title='bbox 4014 1874 4135 1942; x_wconf 67' lang='lat' dir='ltr'>511a</span> <span class='ocrx_word' id='word_1_174' title='bbox 4179 1881 4380 1957; x_wconf 67' lang='lat' dir='ltr'>bom,</span> <span class='ocrx_word' id='word_1_175' title='bbox 4471 1898 4599 1943; x_wconf 67' lang='lat' dir='ltr'>uae</span> <span class='ocrx_word' id='word_1_176' title='bbox 4640 1889 4796 1946; x_wconf 68' lang='lat' dir='ltr'>sunt</span> <span class='ocrx_word' id='word_1_177' title='bbox 4826 1838 5011 1947; x_wconf 50' lang='lat' dir='ltr'>stt„</span> 
     </span>
    </p>
   </div>
   <div class='ocr_carea' id='block_1_6' title="bbox 970 1915 5008 2112">
    <p class='ocr_par' dir='ltr' id='par_1_6' title="bbox 970 1915 5008 2112">
     <span class='ocr_line' id='line_1_15' title="bbox 970 1915 5008 2112; baseline 0.008 -130"><span class='ocrx_word' id='word_1_178' title='bbox 970 1919 1162 1996; x_wconf 87' lang='lat' dir='ltr'>siam,</span> <span class='ocrx_word' id='word_1_179' title='bbox 1197 1918 1344 1983; x_wconf 89' lang='lat' dir='ltr'>sitis</span> <span class='ocrx_word' id='word_1_180' title='bbox 1371 1920 1555 1984; x_wconf 88' lang='lat' dir='ltr'>cives</span> <span class='ocrx_word' id='word_1_181' title='bbox 1578 1939 1779 1985; x_wconf 86' lang='lat' dir='ltr'>verae</span> <span class='ocrx_word' id='word_1_182' title='bbox 1798 1915 2169 1985; x_wconf 80' lang='lat' dir='ltr'>Ecclesiae:</span> <span class='ocrx_word' id='word_1_183' title='bbox 2203 1920 2270 1984; x_wconf 91' lang='lat' dir='ltr'>in</span> <span class='ocrx_word' id='word_1_184' title='bbox 2295 1939 2428 2004; x_wconf 90' lang='lat' dir='ltr'>qua</span> <span class='ocrx_word' id='word_1_185' title='bbox 2447 1941 2609 1987; x_wconf 88' lang='lat' dir='ltr'>vera</span> <span class='ocrx_word' id='word_1_186' title='bbox 2631 1917 2942 1988; x_wconf 80' lang='lat' dir='ltr'>Ecclesia</span> <span class='ocrx_word' id='word_1_187' title='bbox 3043 1969 3359 2026; x_wconf 59' lang='lat' dir='ltr'>aeternae</span> <span class='ocrx_word' id='word_1_188' title='bbox 3401 1981 3525 2046; x_wconf 66' lang='lat' dir='ltr'>pro</span> <span class='ocrx_word' id='word_1_189' title='bbox 3567 1963 3865 2112; x_wconf 61' lang='lat' dir='ltr'>isssomm</span> <span class='ocrx_word' id='word_1_190' title='bbox 3910 1965 4131 2028; x_wconf 62' lang='lat' dir='ltr'>modo,</span> <span class='ocrx_word' id='word_1_191' title='bbox 4196 1964 4321 2029; x_wconf 68' lang='lat' dir='ltr'>Est</span> <span class='ocrx_word' id='word_1_192' title='bbox 4364 1963 4408 2028; x_wconf 73' lang='lat' dir='ltr'><strong>d</strong></span> <span class='ocrx_word' id='word_1_193' title='bbox 4482 1965 4579 2028; x_wconf 60' lang='grc' dir='ltr'>οἱς</span> <span class='ocrx_word' id='word_1_194' title='bbox 4608 1964 5008 2047; x_wconf 55' lang='lat' dir='ltr'>consolatio,</span> 
     </span>
    </p>
   </div>
   <div class='ocr_carea' id='block_1_7' title="bbox 968 2001 5015 2176">
    <p class='ocr_par' dir='ltr' id='par_1_7' title="bbox 968 2001 5015 2176">
     <span class='ocr_line' id='line_1_16' title="bbox 968 2001 5015 2176; baseline 0.01 -95"><span class='ocrx_word' id='word_1_195' title='bbox 968 2002 1261 2156; x_wconf 49' lang='grc' dir='ltr'><strong>31(ξῖῐέ</strong></span> <span class='ocrx_word' id='word_1_196' title='bbox 1284 2002 1537 2176; x_wconf 46' lang='lat'>23:¹2¹?</span> <span class='ocrx_word' id='word_1_197' title='bbox 1545 2001 2224 2169; x_wconf 50' lang='grc' dir='ltr'>ἰέἒὲἔίἓθέἱέξξὲῗὲἱ</span> <span class='ocrx_word' id='word_1_198' title='bbox 2236 2009 2939 2176; x_wconf 29' lang='grc' dir='ltr'>ῗῑῑὲηᾳήἕθῖωαὶῧέἱῗὲ</span> <span class='ocrx_word' id='word_1_199' title='bbox 3044 2046 3225 2131; x_wconf 86' lang='lat' dir='ltr'>quod</span> <span class='ocrx_word' id='word_1_200' title='bbox 3267 2068 3548 2133; x_wconf 89' lang='lat' dir='ltr'>regnum</span> <span class='ocrx_word' id='word_1_201' title='bbox 3644 2049 3704 2113; x_wconf 90' lang='lat' dir='ltr'>ei</span> <span class='ocrx_word' id='word_1_202' title='bbox 3746 2049 4075 2133; x_wconf 83' lang='lat' dir='ltr'>pertineat</span> <span class='ocrx_word' id='word_1_203' title='bbox 4119 2051 4315 2116; x_wconf 89' lang='lat' dir='ltr'>etiam</span> <span class='ocrx_word' id='word_1_204' title='bbox 4340 2050 4429 2115; x_wconf 86' lang='lat' dir='ltr'>ad</span> <span class='ocrx_word' id='word_1_205' title='bbox 4472 2048 4669 2131; x_wconf 83' lang='lat' dir='ltr'>tales,</span> <span class='ocrx_word' id='word_1_206' title='bbox 4712 2051 5015 2120; x_wconf 84' lang='lat' dir='ltr'>nondum</span> 
     </span>
    </p>
   </div>
   <div class='ocr_carea' id='block_1_8' title="bbox 965 2176 2937 2952">
    <p class='ocr_par' dir='ltr' id='par_1_8' title="bbox 965 2176 2937 2952">
     <span class='ocr_line' id='line_1_17' title="bbox 968 2176 2937 2262; baseline 0.004 -19"><span class='ocrx_word' id='word_1_207' title='bbox 968 2193 1336 2243; x_wconf 76' lang='lat' dir='ltr'>sermonem</span> <span class='ocrx_word' id='word_1_208' title='bbox 1377 2194 1585 2243; x_wconf 75' lang='lat' dir='ltr'>meum</span> <span class='ocrx_word' id='word_1_209' title='bbox 1626 2179 1932 2257; x_wconf 62' lang='lat' dir='ltr'>servabat,</span> <span class='ocrx_word' id='word_1_210' title='bbox 1976 2186 2044 2243; x_wconf 82' lang='lat' dir='ltr'>et</span> <span class='ocrx_word' id='word_1_211' title='bbox 2061 2176 2268 2244; x_wconf 81' lang='lat' dir='ltr'>Pater</span> <span class='ocrx_word' id='word_1_212' title='bbox 2287 2198 2473 2245; x_wconf 72' lang='lat' dir='ltr'>meur</span> <span class='ocrx_word' id='word_1_213' title='bbox 2506 2181 2731 2262; x_wconf 50' lang='lat' dir='ltr'>de&#39;leloet</span> <span class='ocrx_word' id='word_1_214' title='bbox 2769 2200 2937 2252; x_wconf 72' lang='lat' dir='ltr'>eune,</span> 
     </span>
     <span class='ocr_line' id='line_1_18' title="bbox 968 2265 2937 2350; baseline 0.003 -22"><span class='ocrx_word' id='word_1_215' title='bbox 968 2271 1039 2328; x_wconf 82' lang='lat' dir='ltr'>et</span> <span class='ocrx_word' id='word_1_216' title='bbox 1077 2269 1409 2330; x_wconf 73' lang='lat' dir='ltr'>veniemus</span> <span class='ocrx_word' id='word_1_217' title='bbox 1442 2265 1727 2346; x_wconf 71' lang='lat' dir='ltr'>adema,</span> <span class='ocrx_word' id='word_1_218' title='bbox 1770 2272 1839 2330; x_wconf 81' lang='lat' dir='ltr'>et</span> <span class='ocrx_word' id='word_1_219' title='bbox 1874 2270 2276 2331; x_wconf 75' lang='lat' dir='ltr'>mansionem</span> <span class='ocrx_word' id='word_1_220' title='bbox 2322 2267 2504 2348; x_wconf 79' lang='lat' dir='ltr'>apud</span> <span class='ocrx_word' id='word_1_221' title='bbox 2545 2284 2692 2332; x_wconf 78' lang='lat' dir='ltr'>emn</span> <span class='ocrx_word' id='word_1_222' title='bbox 2728 2273 2937 2350; x_wconf 79' lang='lat' dir='ltr'>facie-</span> 
     </span>
     <span class='ocr_line' id='line_1_19' title="bbox 967 2346 2935 2439; baseline 0.002 -24"><span class='ocrx_word' id='word_1_223' title='bbox 967 2367 1128 2415; x_wconf 68' lang='lat' dir='ltr'>mus.</span> <span class='ocrx_word' id='word_1_224' title='bbox 1215 2346 1276 2413; x_wconf 80' lang='lat' dir='ltr'>R</span> <span class='ocrx_word' id='word_1_225' title='bbox 1367 2360 1482 2414; x_wconf 92' lang='lat' dir='ltr'>nat</span> <span class='ocrx_word' id='word_1_226' title='bbox 1521 2346 1714 2414; x_wconf 89' lang='lat' dir='ltr'>Deus</span> <span class='ocrx_word' id='word_1_227' title='bbox 1758 2360 1823 2414; x_wconf 95' lang='lat' dir='ltr'>et</span> <span class='ocrx_word' id='word_1_228' title='bbox 1866 2368 2030 2415; x_wconf 83' lang='lat' dir='ltr'>vere</span> <span class='ocrx_word' id='word_1_229' title='bbox 2076 2348 2318 2415; x_wconf 85' lang='lat' dir='ltr'>efficax</span> <span class='ocrx_word' id='word_1_230' title='bbox 2360 2362 2468 2416; x_wconf 88' lang='lat' dir='ltr'>est</span> <span class='ocrx_word' id='word_1_231' title='bbox 2512 2352 2578 2415; x_wconf 91' lang='lat' dir='ltr'>in</span> <span class='ocrx_word' id='word_1_232' title='bbox 2621 2349 2780 2432; x_wconf 91' lang='lat' dir='ltr'>illis,</span> <span class='ocrx_word' id='word_1_233' title='bbox 2822 2354 2935 2439; x_wconf 90' lang='lat' dir='ltr'>qui</span> 
     </span>
     <span class='ocr_line' id='line_1_20' title="bbox 968 2433 2934 2525; baseline 0.003 -27"><span class='ocrx_word' id='word_1_234' title='bbox 968 2435 1250 2500; x_wconf 89' lang='lat' dir='ltr'>credunt</span> <span class='ocrx_word' id='word_1_235' title='bbox 1345 2433 1680 2521; x_wconf 86' lang='lat' dir='ltr'>vangelio.</span> <span class='ocrx_word' id='word_1_236' title='bbox 1737 2433 1812 2500; x_wconf 87' lang='lat' dir='ltr'>ln</span> <span class='ocrx_word' id='word_1_237' title='bbox 1844 2436 2230 2521; x_wconf 81' lang='lat' dir='ltr'>precatione</span> <span class='ocrx_word' id='word_1_238' title='bbox 2255 2434 2631 2517; x_wconf 87' lang='lat' dir='ltr'>Dominica,</span> <span class='ocrx_word' id='word_1_239' title='bbox 2667 2438 2934 2525; x_wconf 83' lang='lat' dir='ltr'>quando</span> 
     </span>
     <span class='ocr_line' id='line_1_21' title="bbox 966 2520 2936 2605; baseline 0.003 -20"><span class='ocrx_word' id='word_1_240' title='bbox 966 2520 1168 2585; x_wconf 86' lang='lat' dir='ltr'>dicis=</span> <span class='ocrx_word' id='word_1_241' title='bbox 1213 2522 1668 2603; x_wconf 71' lang='lat' dir='ltr'>Sanctificetur</span> <span class='ocrx_word' id='word_1_242' title='bbox 1710 2540 1945 2588; x_wconf 86' lang='lat' dir='ltr'>nomen</span> <span class='ocrx_word' id='word_1_243' title='bbox 1987 2531 2182 2605; x_wconf 69' lang='lat' dir='ltr'>mama,</span> <span class='ocrx_word' id='word_1_244' title='bbox 2225 2522 2292 2587; x_wconf 87' lang='lat' dir='ltr'>id</span> <span class='ocrx_word' id='word_1_245' title='bbox 2337 2533 2478 2603; x_wconf 91' lang='lat' dir='ltr'>est,</span> <span class='ocrx_word' id='word_1_246' title='bbox 2535 2524 2768 2589; x_wconf 85' lang='lat' dir='ltr'>notitia</span> <span class='ocrx_word' id='word_1_247' title='bbox 2810 2544 2936 2590; x_wconf 88' lang='lat' dir='ltr'>seu</span> 
     </span>
     <span class='ocr_line' id='line_1_22' title="bbox 966 2605 2935 2696; baseline 0.002 -25"><span class='ocrx_word' id='word_1_248' title='bbox 966 2606 1219 2693; x_wconf 79' lang='lat' dir='ltr'>agnitio</span> <span class='ocrx_word' id='word_1_249' title='bbox 1265 2608 1358 2672; x_wconf 89' lang='lat' dir='ltr'>tui</span> <span class='ocrx_word' id='word_1_250' title='bbox 1401 2608 1491 2672; x_wconf 91' lang='lat' dir='ltr'>sit</span> <span class='ocrx_word' id='word_1_251' title='bbox 1533 2607 1730 2672; x_wconf 90' lang='lat' dir='ltr'>nobis</span> <span class='ocrx_word' id='word_1_252' title='bbox 1775 2618 2037 2686; x_wconf 89' lang='lat' dir='ltr'>sancta,</span> <span class='ocrx_word' id='word_1_253' title='bbox 2081 2627 2273 2692; x_wconf 88' lang='lat' dir='ltr'>pura,</span> <span class='ocrx_word' id='word_1_254' title='bbox 2316 2605 2450 2674; x_wconf 86' lang='lat' dir='ltr'>boc</span> <span class='ocrx_word' id='word_1_255' title='bbox 2495 2611 2776 2694; x_wconf 91' lang='lat' dir='ltr'>primum</span> <span class='ocrx_word' id='word_1_256' title='bbox 2820 2629 2935 2696; x_wconf 87' lang='lat' dir='ltr'>pe-</span> 
     </span>
     <span class='ocr_line' id='line_1_23' title="bbox 965 2689 2934 2780; baseline 0.002 -23"><span class='ocrx_word' id='word_1_257' title='bbox 965 2692 1088 2757; x_wconf 85' lang='lat' dir='ltr'>tis=</span> <span class='ocrx_word' id='word_1_258' title='bbox 1130 2689 1265 2772; x_wconf 91' lang='lat' dir='ltr'>Da,</span> <span class='ocrx_word' id='word_1_259' title='bbox 1309 2701 1385 2757; x_wconf 87' lang='lat' dir='ltr'>ut</span> <span class='ocrx_word' id='word_1_260' title='bbox 1424 2703 1493 2757; x_wconf 84' lang='lat' dir='ltr'>te</span> <span class='ocrx_word' id='word_1_261' title='bbox 1521 2714 1560 2757; x_wconf 86' lang='lat' dir='ltr'>a</span> <span class='ocrx_word' id='word_1_262' title='bbox 1657 2712 1969 2758; x_wconf 82' lang='lat' dir='ltr'>osenmus</span> <span class='ocrx_word' id='word_1_263' title='bbox 1993 2713 2159 2776; x_wconf 89' lang='lat' dir='ltr'>pure</span> <span class='ocrx_word' id='word_1_264' title='bbox 2202 2705 2270 2759; x_wconf 91' lang='lat' dir='ltr'>et</span> <span class='ocrx_word' id='word_1_265' title='bbox 2292 2695 2705 2780; x_wconf 83' lang='lat' dir='ltr'>incorrupte=</span> <span class='ocrx_word' id='word_1_266' title='bbox 2746 2708 2934 2780; x_wconf 82' lang='lat' dir='ltr'>post-</span> 
     </span>
     <span class='ocr_line' id='line_1_24' title="bbox 965 2714 2934 2863; baseline 0.003 -20"><span class='ocrx_word' id='word_1_267' title='bbox 965 2797 1049 2844; x_wconf 87' lang='lat' dir='ltr'>ea</span> <span class='ocrx_word' id='word_1_268' title='bbox 1092 2777 1422 2863; x_wconf 84' lang='lat' dir='ltr'>sequitur:</span> <span class='ocrx_word' id='word_1_269' title='bbox 1473 2714 1794 2841; x_wconf 55' lang='lat' dir='ltr'>Aaeffimot</span> <span class='ocrx_word' id='word_1_270' title='bbox 1833 2798 2086 2861; x_wconf 69' lang='lat' dir='ltr'>requam</span> <span class='ocrx_word' id='word_1_271' title='bbox 2127 2786 2333 2859; x_wconf 66' lang='lat' dir='ltr'>tuam,</span> <span class='ocrx_word' id='word_1_272' title='bbox 2395 2780 2465 2845; x_wconf 85' lang='lat' dir='ltr'>id</span> <span class='ocrx_word' id='word_1_273' title='bbox 2507 2791 2654 2858; x_wconf 83' lang='lat' dir='ltr'>est,</span> <span class='ocrx_word' id='word_1_274' title='bbox 2719 2791 2791 2848; x_wconf 92' lang='lat' dir='ltr'>tu</span> <span class='ocrx_word' id='word_1_275' title='bbox 2832 2802 2934 2849; x_wconf 91' lang='lat' dir='ltr'>re-</span> 
     </span>
     <span class='ocr_line' id='line_1_25' title="bbox 965 2862 2760 2952; baseline 0.002 -23"><span class='ocrx_word' id='word_1_276' title='bbox 965 2883 1094 2950; x_wconf 84' lang='lat' dir='ltr'>gas</span> <span class='ocrx_word' id='word_1_277' title='bbox 1135 2884 1290 2942; x_wconf 92' lang='lat' dir='ltr'>nos,</span> <span class='ocrx_word' id='word_1_278' title='bbox 1334 2883 1584 2952; x_wconf 79' lang='lat' dir='ltr'>regnes</span> <span class='ocrx_word' id='word_1_279' title='bbox 1626 2864 1696 2930; x_wconf 90' lang='lat' dir='ltr'>in</span> <span class='ocrx_word' id='word_1_280' title='bbox 1739 2865 1965 2944; x_wconf 90' lang='lat' dir='ltr'>nobis,</span> <span class='ocrx_word' id='word_1_281' title='bbox 2009 2866 2107 2930; x_wconf 88' lang='lat' dir='ltr'>sis</span> <span class='ocrx_word' id='word_1_282' title='bbox 2152 2862 2396 2933; x_wconf 85' lang='lat' dir='ltr'>efficax</span> <span class='ocrx_word' id='word_1_283' title='bbox 2438 2866 2508 2932; x_wconf 91' lang='lat' dir='ltr'>in</span> <span class='ocrx_word' id='word_1_284' title='bbox 2540 2868 2760 2947; x_wconf 86' lang='lat' dir='ltr'>nobis.</span> 
     </span>
    </p>
   </div>
   <div class='ocr_carea' id='block_1_9' title="bbox 2983 1988 5047 3604">
    <p class='ocr_par' dir='ltr' id='par_1_9' title="bbox 2983 1988 5047 3604">
     <span class='ocr_line' id='line_1_26' title="bbox 2983 1988 5015 2230; baseline 0.005 -34"><span class='ocrx_word' id='word_1_285' title='bbox 2983 1988 3000 2230; x_wconf 84' lang='grc' dir='ltr'>Ι</span> <span class='ocrx_word' id='word_1_286' title='bbox 3041 2129 3491 2220; x_wconf 83' lang='lat' dir='ltr'>intelligentes</span> <span class='ocrx_word' id='word_1_287' title='bbox 3538 2135 3935 2215; x_wconf 84' lang='lat' dir='ltr'>doctrinam,</span> <span class='ocrx_word' id='word_1_288' title='bbox 3977 2155 4256 2222; x_wconf 87' lang='lat' dir='ltr'>quorum</span> <span class='ocrx_word' id='word_1_289' title='bbox 4300 2147 4493 2201; x_wconf 89' lang='lat' dir='ltr'>aetas</span> <span class='ocrx_word' id='word_1_290' title='bbox 4549 2138 4845 2204; x_wconf 88' lang='lat' dir='ltr'>nondum</span> <span class='ocrx_word' id='word_1_291' title='bbox 4900 2148 5015 2207; x_wconf 73' lang='lat' dir='ltr'>est</span> 
     </span>
     <span class='ocr_line' id='line_1_27' title="bbox 3040 2217 5013 2309; baseline 0.005 -27"><span class='ocrx_word' id='word_1_292' title='bbox 3040 2218 3285 2283; x_wconf 85' lang='lat' dir='ltr'>idonea</span> <span class='ocrx_word' id='word_1_293' title='bbox 3328 2222 3412 2284; x_wconf 87' lang='lat' dir='ltr'>ad</span> <span class='ocrx_word' id='word_1_294' title='bbox 3456 2217 3897 2305; x_wconf 88' lang='lat' dir='ltr'>loquendum,</span> <span class='ocrx_word' id='word_1_295' title='bbox 3954 2223 4044 2287; x_wconf 86' lang='lat' dir='ltr'>ad</span> <span class='ocrx_word' id='word_1_296' title='bbox 4096 2223 4553 2309; x_wconf 89' lang='lat' dir='ltr'>accipiendam</span> <span class='ocrx_word' id='word_1_297' title='bbox 4608 2224 5013 2293; x_wconf 84' lang='lat' dir='ltr'>doctrinam.</span> 
     </span>
     <span class='ocr_line' id='line_1_28' title="bbox 3040 2303 5015 2393; baseline 0.005 -26"><span class='ocrx_word' id='word_1_298' title='bbox 3040 2303 3138 2369; x_wconf 85' lang='lat' dir='ltr'>lta</span> <span class='ocrx_word' id='word_1_299' title='bbox 3183 2306 3620 2372; x_wconf 79' lang='lat' dir='ltr'>consideretis</span> <span class='ocrx_word' id='word_1_300' title='bbox 3665 2305 4013 2374; x_wconf 80' lang='lat' dir='ltr'>vocabula.</span> <span class='ocrx_word' id='word_1_301' title='bbox 4076 2308 4356 2371; x_wconf 76' lang='lat' dir='ltr'>Primum</span> <span class='ocrx_word' id='word_1_302' title='bbox 4396 2312 4680 2391; x_wconf 73' lang='lat' dir='ltr'>quaerite</span> <span class='ocrx_word' id='word_1_303' title='bbox 4721 2330 5015 2393; x_wconf 64' lang='lat' dir='ltr'>requini</span> 
     </span>
     <span class='ocr_line' id='line_1_29' title="bbox 3037 2390 5015 2500; baseline 0.006 -46"><span class='ocrx_word' id='word_1_304' title='bbox 3037 2390 3106 2454; x_wconf 87' lang='lat' dir='ltr'>id</span> <span class='ocrx_word' id='word_1_305' title='bbox 3150 2402 3278 2470; x_wconf 90' lang='lat' dir='ltr'>est,</span> <span class='ocrx_word' id='word_1_306' title='bbox 3326 2392 3551 2457; x_wconf 87' lang='lat' dir='ltr'>audite</span> <span class='ocrx_word' id='word_1_307' title='bbox 3594 2394 3907 2470; x_wconf 83' lang='lat' dir='ltr'>verbum,</span> <span class='ocrx_word' id='word_1_308' title='bbox 3951 2397 4299 2500; x_wconf 79' lang='lat' dir='ltr'>agnoscite</span> <span class='ocrx_word' id='word_1_309' title='bbox 4342 2391 4525 2461; x_wconf 87' lang='lat' dir='ltr'>illum</span> <span class='ocrx_word' id='word_1_310' title='bbox 4572 2394 4829 2476; x_wconf 88' lang='lat' dir='ltr'>Deum,</span> <span class='ocrx_word' id='word_1_311' title='bbox 4895 2398 5015 2486; x_wconf 76' lang='lat' dir='ltr'>qul</span> 
     </span>
     <span class='ocr_line' id='line_1_30' title="bbox 3038 2476 5015 2567; baseline 0.006 -26"><span class='ocrx_word' id='word_1_312' title='bbox 3038 2476 3107 2541; x_wconf 92' lang='lat' dir='ltr'>in</span> <span class='ocrx_word' id='word_1_313' title='bbox 3153 2478 3361 2542; x_wconf 88' lang='lat' dir='ltr'>verbo</span> <span class='ocrx_word' id='word_1_314' title='bbox 3423 2479 3854 2563; x_wconf 82' lang='lat' dir='ltr'>proponitur,</span> <span class='ocrx_word' id='word_1_315' title='bbox 3909 2499 4021 2566; x_wconf 85' lang='lat' dir='ltr'>qm</span> <span class='ocrx_word' id='word_1_316' title='bbox 4079 2501 4155 2547; x_wconf 84' lang='lat' dir='ltr'>se</span> <span class='ocrx_word' id='word_1_317' title='bbox 4210 2478 4527 2567; x_wconf 82' lang='lat' dir='ltr'>patefecit</span> <span class='ocrx_word' id='word_1_318' title='bbox 4582 2483 4650 2547; x_wconf 85' lang='lat' dir='ltr'>in</span> <span class='ocrx_word' id='word_1_319' title='bbox 4694 2480 5015 2553; x_wconf 75' lang='lat' dir='ltr'>Ecclesia</span> 
     </span>
     <span class='ocr_line' id='line_1_31' title="bbox 3038 2563 5013 2650; baseline 0.007 -24"><span class='ocrx_word' id='word_1_320' title='bbox 3038 2564 3248 2628; x_wconf 83' lang='lat' dir='ltr'>verbo</span> <span class='ocrx_word' id='word_1_321' title='bbox 3293 2583 3442 2642; x_wconf 90' lang='lat' dir='ltr'>suo,</span> <span class='ocrx_word' id='word_1_322' title='bbox 3485 2565 3710 2632; x_wconf 88' lang='lat' dir='ltr'>audite</span> <span class='ocrx_word' id='word_1_323' title='bbox 3750 2563 3917 2630; x_wconf 87' lang='lat' dir='ltr'>illud</span> <span class='ocrx_word' id='word_1_324' title='bbox 3962 2569 4265 2649; x_wconf 82' lang='lat' dir='ltr'>verbum,</span> <span class='ocrx_word' id='word_1_325' title='bbox 4310 2569 4548 2634; x_wconf 80' lang='lat' dir='ltr'>discite</span> <span class='ocrx_word' id='word_1_326' title='bbox 4591 2569 4897 2650; x_wconf 86' lang='lat' dir='ltr'>verbum,</span> <span class='ocrx_word' id='word_1_327' title='bbox 4940 2582 5013 2639; x_wconf 78' lang='lat' dir='ltr'>et</span> 
     </span>
     <span class='ocr_line' id='line_1_32' title="bbox 3039 2648 5013 2741; baseline 0.007 -29"><span class='ocrx_word' id='word_1_328' title='bbox 3039 2648 3310 2714; x_wconf 89' lang='lat' dir='ltr'>obedite</span> <span class='ocrx_word' id='word_1_329' title='bbox 3352 2650 3601 2726; x_wconf 88' lang='lat' dir='ltr'>verbo;</span> <span class='ocrx_word' id='word_1_330' title='bbox 3645 2664 3713 2717; x_wconf 87' lang='lat' dir='ltr'>et</span> <span class='ocrx_word' id='word_1_331' title='bbox 3767 2652 4075 2738; x_wconf 85' lang='lat' dir='ltr'>cogitetis</span> <span class='ocrx_word' id='word_1_332' title='bbox 4131 2673 4289 2720; x_wconf 86' lang='lat' dir='ltr'>esse</span> <span class='ocrx_word' id='word_1_333' title='bbox 4342 2654 4673 2741; x_wconf 85' lang='lat' dir='ltr'>promissa</span> <span class='ocrx_word' id='word_1_334' title='bbox 4730 2667 5013 2725; x_wconf 80' lang='lat' dir='ltr'>aeterna</span> 
     </span>
     <span class='ocr_line' id='line_1_33' title="bbox 3036 2734 5015 2828; baseline 0.006 -29"><span class='ocrx_word' id='word_1_335' title='bbox 3036 2734 3214 2800; x_wconf 90' lang='lat' dir='ltr'>bona</span> <span class='ocrx_word' id='word_1_336' title='bbox 3259 2736 3328 2799; x_wconf 88' lang='lat' dir='ltr'>in</span> <span class='ocrx_word' id='word_1_337' title='bbox 3372 2737 3609 2816; x_wconf 88' lang='lat' dir='ltr'>verbo,</span> <span class='ocrx_word' id='word_1_338' title='bbox 3656 2738 3802 2804; x_wconf 90' lang='lat' dir='ltr'>sitis</span> <span class='ocrx_word' id='word_1_339' title='bbox 3850 2739 4040 2805; x_wconf 88' lang='lat' dir='ltr'>cives</span> <span class='ocrx_word' id='word_1_340' title='bbox 4073 2737 4459 2816; x_wconf 85' lang='lat' dir='ltr'>Ecclesiae,</span> <span class='ocrx_word' id='word_1_341' title='bbox 4516 2742 4584 2806; x_wconf 93' lang='lat' dir='ltr'>in</span> <span class='ocrx_word' id='word_1_342' title='bbox 4629 2762 4763 2828; x_wconf 86' lang='lat' dir='ltr'>qua</span> <span class='ocrx_word' id='word_1_343' title='bbox 4804 2752 5015 2810; x_wconf 80' lang='lat' dir='ltr'>sonat</span> 
     </span>
     <span class='ocr_line' id='line_1_34' title="bbox 2989 2818 3508 2887; baseline 0.002 -3"><span class='ocrx_word' id='word_1_344' title='bbox 2989 2851 2990 2854; x_wconf 36' lang='lat'>¹</span> <span class='ocrx_word' id='word_1_345' title='bbox 3035 2822 3313 2886; x_wconf 83' lang='lat' dir='ltr'>verbnm</span> <span class='ocrx_word' id='word_1_346' title='bbox 3355 2818 3508 2887; x_wconf 89' lang='lat' dir='ltr'>Dei.</span> 
     </span>
     <span class='ocr_line' id='line_1_35' title="bbox 3203 2904 5047 3002; baseline 0.008 -32"><span class='ocrx_word' id='word_1_347' title='bbox 3203 2904 3331 2971; x_wconf 89' lang='lat' dir='ltr'>Est</span> <span class='ocrx_word' id='word_1_348' title='bbox 3376 2909 3395 2972; x_wconf 89' lang='lat' dir='ltr'>i</span> <span class='ocrx_word' id='word_1_349' title='bbox 3446 2910 3576 2973; x_wconf 86' lang='lat' dir='ltr'>&#39;tur</span> <span class='ocrx_word' id='word_1_350' title='bbox 3618 2928 3692 2973; x_wconf 91' lang='lat' dir='ltr'>re</span> <span class='ocrx_word' id='word_1_351' title='bbox 3744 2907 3854 2975; x_wconf 82' lang='lat' dir='ltr'>ula</span> <span class='ocrx_word' id='word_1_352' title='bbox 3904 2908 4078 2976; x_wconf 90' lang='lat' dir='ltr'>baec</span> <span class='ocrx_word' id='word_1_353' title='bbox 4131 2912 4540 2978; x_wconf 82' lang='lat' dir='ltr'>conveniens</span> <span class='ocrx_word' id='word_1_354' title='bbox 4596 2932 4746 2979; x_wconf 88' lang='lat' dir='ltr'>cum</span> <span class='ocrx_word' id='word_1_355' title='bbox 4784 2915 5047 3002; x_wconf 75' lang='lat' dir='ltr'>pruno·</span> 
     </span>
     <span class='ocr_line' id='line_1_36' title="bbox 3034 2992 5002 3079; baseline 0.004 -22"><span class='ocrx_word' id='word_1_356' title='bbox 3034 2992 3348 3058; x_wconf 85' lang='lat' dir='ltr'>mandato</span> <span class='ocrx_word' id='word_1_357' title='bbox 3476 2993 3667 3060; x_wconf 82' lang='lat' dir='ltr'>ecalo</span> <span class='ocrx_word' id='word_1_358' title='bbox 3755 3017 3772 3055; x_wconf 73' lang='grc' dir='ltr'><strong><em>ε</em></strong></span> <span class='ocrx_word' id='word_1_359' title='bbox 3838 2994 3984 3079; x_wconf 71' lang='lat' dir='ltr'>qu</span> <span class='ocrx_word' id='word_1_360' title='bbox 4047 3018 4178 3059; x_wconf 73' lang='lat' dir='ltr'>sum</span> <span class='ocrx_word' id='word_1_361' title='bbox 4243 2997 4554 3061; x_wconf 73' lang='lat' dir='ltr'>Dominus</span> <span class='ocrx_word' id='word_1_362' title='bbox 4606 2999 4784 3064; x_wconf 74' lang='lat' dir='ltr'>Deus</span> <span class='ocrx_word' id='word_1_363' title='bbox 4830 3008 5002 3076; x_wconf 68' lang='lat' dir='ltr'>tue,</span> 
     </span>
     <span class='ocr_line' id='line_1_37' title="bbox 3033 3077 4999 3171; baseline 0.008 -32"><span class='ocrx_word' id='word_1_364' title='bbox 3033 3078 3184 3140; x_wconf 84' lang='lat' dir='ltr'>Non</span> <span class='ocrx_word' id='word_1_365' title='bbox 3226 3077 3483 3142; x_wconf 74' lang='lat' dir='ltr'>habebis</span> <span class='ocrx_word' id='word_1_366' title='bbox 3524 3080 3703 3146; x_wconf 79' lang='lat' dir='ltr'>Deos</span> <span class='ocrx_word' id='word_1_367' title='bbox 3758 3080 4014 3158; x_wconf 79' lang='lat' dir='ltr'>alienos,</span> <span class='ocrx_word' id='word_1_368' title='bbox 4070 3091 4185 3150; x_wconf 79' lang='lat' dir='ltr'>etc.</span> <span class='ocrx_word' id='word_1_369' title='bbox 4275 3083 4658 3152; x_wconf 73' lang='lat' dir='ltr'>Mandatum</span> <span class='ocrx_word' id='word_1_370' title='bbox 4710 3086 4999 3171; x_wconf 77' lang='lat' dir='ltr'>primum</span> 
     </span>
     <span class='ocr_line' id='line_1_38' title="bbox 3033 3159 4997 3239; baseline 0.004 -11"><span class='ocrx_word' id='word_1_371' title='bbox 3033 3174 3138 3229; x_wconf 86' lang='lat' dir='ltr'>est</span> <span class='ocrx_word' id='word_1_372' title='bbox 3160 3159 3627 3233; x_wconf 85' lang='lat' dir='ltr'>affirmativum</span> <span class='ocrx_word' id='word_1_373' title='bbox 3647 3178 3714 3234; x_wconf 92' lang='lat' dir='ltr'>et</span> <span class='ocrx_word' id='word_1_374' title='bbox 3755 3187 3841 3234; x_wconf 89' lang='lat' dir='ltr'>ne</span> <span class='ocrx_word' id='word_1_375' title='bbox 3932 3170 4161 3236; x_wconf 83' lang='lat' dir='ltr'>tivum.</span> <span class='ocrx_word' id='word_1_376' title='bbox 4219 3171 4409 3239; x_wconf 86' lang='lat' dir='ltr'>Deus</span> <span class='ocrx_word' id='word_1_377' title='bbox 4496 3170 4721 3237; x_wconf 75' lang='lat' dir='ltr'>timum</span> <span class='ocrx_word' id='word_1_378' title='bbox 4764 3182 4997 3237; x_wconf 76' lang='lat' dir='ltr'>osten·</span> 
     </span>
     <span class='ocr_line' id='line_1_39' title="bbox 3034 3251 5001 3345; baseline 0.006 -30"><span class='ocrx_word' id='word_1_379' title='bbox 3034 3251 3128 3315; x_wconf 86' lang='lat' dir='ltr'>dit</span> <span class='ocrx_word' id='word_1_380' title='bbox 3149 3295 3172 3330; x_wconf 99' lang='lat'>,</span> <span class='ocrx_word' id='word_1_381' title='bbox 3285 3253 3389 3317; x_wconf 89' lang='lat' dir='ltr'>uis</span> <span class='ocrx_word' id='word_1_382' title='bbox 3454 3253 3542 3319; x_wconf 92' lang='lat' dir='ltr'>sit</span> <span class='ocrx_word' id='word_1_383' title='bbox 3609 3274 3812 3321; x_wconf 85' lang='lat' dir='ltr'>vems</span> <span class='ocrx_word' id='word_1_384' title='bbox 3917 3276 4063 3336; x_wconf 81' lang='lat' dir='ltr'>eus,</span> <span class='ocrx_word' id='word_1_385' title='bbox 4107 3257 4346 3325; x_wconf 88' lang='lat' dir='ltr'>deinde</span> <span class='ocrx_word' id='word_1_386' title='bbox 4389 3278 4430 3324; x_wconf 91' lang='lat' dir='ltr'>a</span> <span class='ocrx_word' id='word_1_387' title='bbox 4478 3257 4574 3325; x_wconf 89' lang='lat' dir='ltr'>dit</span> <span class='ocrx_word' id='word_1_388' title='bbox 4612 3255 5001 3345; x_wconf 87' lang='lat' dir='ltr'>probibitio-</span> 
     </span>
     <span class='ocr_line' id='line_1_40' title="bbox 3029 3338 4997 3427; baseline 0.003 -25"><span class='ocrx_word' id='word_1_389' title='bbox 3029 3355 3216 3404; x_wconf 86' lang='lat' dir='ltr'>nem:</span> <span class='ocrx_word' id='word_1_390' title='bbox 3328 3358 3409 3401; x_wconf 83' lang='lat' dir='ltr'>on</span> <span class='ocrx_word' id='word_1_391' title='bbox 3465 3338 3718 3405; x_wconf 70' lang='lat' dir='ltr'>habebis</span> <span class='ocrx_word' id='word_1_392' title='bbox 3759 3340 3938 3405; x_wconf 74' lang='lat' dir='ltr'>Deos</span> <span class='ocrx_word' id='word_1_393' title='bbox 3991 3342 4246 3408; x_wconf 73' lang='lat' dir='ltr'>alienos.</span> <span class='ocrx_word' id='word_1_394' title='bbox 4336 3344 4481 3407; x_wconf 75' lang='lat' dir='ltr'>Das</span> <span class='ocrx_word' id='word_1_395' title='bbox 4521 3347 4609 3407; x_wconf 76' lang='lat' dir='ltr'>ist</span> <span class='ocrx_word' id='word_1_396' title='bbox 4644 3343 4748 3405; x_wconf 79' lang='lat' dir='ltr'>ltie</span> <span class='ocrx_word' id='word_1_397' title='bbox 4792 3343 4997 3427; x_wconf 62' lang='grc' dir='ltr'>πῶς</span> 
     </span>
     <span class='ocr_line' id='line_1_41' title="bbox 3027 3420 5003 3518; baseline 0.005 -31"><span class='ocrx_word' id='word_1_398' title='bbox 3027 3420 3319 3489; x_wconf 89' lang='lat' dir='ltr'>Primum</span> <span class='ocrx_word' id='word_1_399' title='bbox 3357 3424 3657 3511; x_wconf 85' lang='lat' dir='ltr'>quaerite</span> <span class='ocrx_word' id='word_1_400' title='bbox 3699 3447 3934 3495; x_wconf 84' lang='lat' dir='ltr'>verum</span> <span class='ocrx_word' id='word_1_401' title='bbox 3976 3426 4218 3511; x_wconf 87' lang='lat' dir='ltr'>Deum,</span> <span class='ocrx_word' id='word_1_402' title='bbox 4260 3428 4450 3499; x_wconf 90' lang='lat' dir='ltr'>illum</span> <span class='ocrx_word' id='word_1_403' title='bbox 4504 3429 4881 3518; x_wconf 74' lang='lat' dir='ltr'>agnoscite,</span> <span class='ocrx_word' id='word_1_404' title='bbox 4926 3441 5003 3497; x_wconf 87' lang='lat' dir='ltr'>et</span> 
     </span>
     <span class='ocr_line' id='line_1_42' title="bbox 3029 3509 5003 3604; baseline 0.004 -29"><span class='ocrx_word' id='word_1_405' title='bbox 3029 3509 3091 3575; x_wconf 89' lang='lat' dir='ltr'>ei</span> <span class='ocrx_word' id='word_1_406' title='bbox 3134 3510 3423 3577; x_wconf 86' lang='lat' dir='ltr'>obedite.</span> <span class='ocrx_word' id='word_1_407' title='bbox 3512 3512 3839 3602; x_wconf 83' lang='lat' dir='ltr'>Congruit</span> <span class='ocrx_word' id='word_1_408' title='bbox 3881 3517 4149 3583; x_wconf 90' lang='lat' dir='ltr'>omnino</span> <span class='ocrx_word' id='word_1_409' title='bbox 4204 3536 4357 3584; x_wconf 90' lang='lat' dir='ltr'>cum</span> <span class='ocrx_word' id='word_1_410' title='bbox 4415 3518 4748 3584; x_wconf 86' lang='lat' dir='ltr'>sententia</span> <span class='ocrx_word' id='word_1_411' title='bbox 4800 3516 5003 3604; x_wconf 70' lang='lat' dir='ltr'>pruni</span> 
     </span>
    </p>
   </div>
   <div class='ocr_carea' id='block_1_10' title="bbox 1511 3158 2386 3247">
    <p class='ocr_par' dir='ltr' id='par_1_10' title="bbox 1511 3158 2386 3247">
     <span class='ocr_line' id='line_1_43' title="bbox 1511 3158 2386 3247; baseline 0.001 -1"><span class='ocrx_word' id='word_1_412' title='bbox 1511 3158 1760 3247; x_wconf 82' lang='lat' dir='ltr'>Estne</span> <span class='ocrx_word' id='word_1_413' title='bbox 1814 3162 2078 3246; x_wconf 89' lang='lat' dir='ltr'>bonus</span> <span class='ocrx_word' id='word_1_414' title='bbox 2130 3160 2386 3247; x_wconf 78' lang='lat' dir='ltr'>ordo?</span> 
     </span>
    </p>
   </div>
   <div class='ocr_carea' id='block_1_11' title="bbox 1130 3340 2928 3431">
    <p class='ocr_par' dir='ltr' id='par_1_11' title="bbox 1130 3340 2928 3431">
     <span class='ocr_line' id='line_1_44' title="bbox 1130 3340 2928 3431; baseline 0.002 -22"><span class='ocrx_word' id='word_1_415' title='bbox 1130 3341 1559 3430; x_wconf 78' lang='lat' dir='ltr'>Respondeo.</span> <span class='ocrx_word' id='word_1_416' title='bbox 1623 3340 1743 3409; x_wconf 86' lang='lat' dir='ltr'>lta.</span> <span class='ocrx_word' id='word_1_417' title='bbox 1809 3340 2102 3411; x_wconf 89' lang='lat' dir='ltr'>Primum</span> <span class='ocrx_word' id='word_1_418' title='bbox 2132 3353 2402 3431; x_wconf 87' lang='lat' dir='ltr'>oportet</span> <span class='ocrx_word' id='word_1_419' title='bbox 2446 3363 2601 3411; x_wconf 83' lang='lat' dir='ltr'>esse</span> <span class='ocrx_word' id='word_1_420' title='bbox 2625 3345 2928 3413; x_wconf 88' lang='lat' dir='ltr'>notitiam</span> 
     </span>
    </p>
   </div>
   <div class='ocr_carea' id='block_1_12' title="bbox 951 3428 2927 4037">
    <p class='ocr_par' dir='ltr' id='par_1_12' title="bbox 951 3428 2927 4037">
     <span class='ocr_line' id='line_1_45' title="bbox 954 3428 2927 3605; baseline -0.006 -24"><span class='ocrx_word' id='word_1_421' title='bbox 954 3430 1544 3583; x_wconf 54' lang='lat' dir='ltr'>ff‘ssffi</span> <span class='ocrx_word' id='word_1_422' title='bbox 1582 3430 2024 3602; x_wconf 52' lang='lat' dir='ltr'>{mia</span> <span class='ocrx_word' id='word_1_423' title='bbox 2065 3428 2704 3600; x_wconf 55' lang='lat' dir='ltr'>¹333sz</span> <span class='ocrx_word' id='word_1_424' title='bbox 2738 3435 2927 3605; x_wconf 46' lang='grc' dir='ltr'><strong><em>Ἀ</em></strong></span> 
     </span>
     <span class='ocr_line' id='line_1_46' title="bbox 955 3600 2926 3687; baseline -0.002 -17"><span class='ocrx_word' id='word_1_425' title='bbox 955 3605 1181 3670; x_wconf 74' lang='lat' dir='ltr'>tionet</span> <span class='ocrx_word' id='word_1_426' title='bbox 1246 3601 1392 3687; x_wconf 71' lang='lat' dir='ltr'>Eyo</span> <span class='ocrx_word' id='word_1_427' title='bbox 1454 3622 1586 3665; x_wconf 76' lang='lat' dir='ltr'>snm</span> <span class='ocrx_word' id='word_1_428' title='bbox 1651 3601 1959 3664; x_wconf 75' lang='lat' dir='ltr'>Dominus</span> <span class='ocrx_word' id='word_1_429' title='bbox 2012 3600 2191 3664; x_wconf 72' lang='lat' dir='ltr'>Deus</span> <span class='ocrx_word' id='word_1_430' title='bbox 2241 3610 2412 3666; x_wconf 69' lang='lat' dir='ltr'>tunsa</span> <span class='ocrx_word' id='word_1_431' title='bbox 2466 3603 2619 3670; x_wconf 80' lang='lat' dir='ltr'>Non</span> <span class='ocrx_word' id='word_1_432' title='bbox 2672 3603 2926 3667; x_wconf 74' lang='lat' dir='ltr'>habebis</span> 
     </span>
     <span class='ocr_line' id='line_1_47' title="bbox 953 3685 2924 3777; baseline -0.002 -20"><span class='ocrx_word' id='word_1_433' title='bbox 953 3688 1136 3757; x_wconf 73' lang='lat' dir='ltr'>Dm</span> <span class='ocrx_word' id='word_1_434' title='bbox 1175 3687 1437 3753; x_wconf 73' lang='lat' dir='ltr'>alienos.</span> <span class='ocrx_word' id='word_1_435' title='bbox 1518 3685 1688 3756; x_wconf 86' lang='lat' dir='ltr'>Cum</span> <span class='ocrx_word' id='word_1_436' title='bbox 1728 3688 1954 3777; x_wconf 46' lang='lat' dir='ltr'>igitur,</span> <span class='ocrx_word' id='word_1_437' title='bbox 1972 3688 2294 3774; x_wconf 75' lang='lat' dir='ltr'>petimust</span> <span class='ocrx_word' id='word_1_438' title='bbox 2335 3689 2776 3771; x_wconf 66' lang='lat' dir='ltr'>Sanctificetu-</span> <span class='ocrx_word' id='word_1_439' title='bbox 2815 3712 2924 3754; x_wconf 83' lang='lat' dir='ltr'>no-</span> 
     </span>
     <span class='ocr_line' id='line_1_48' title="bbox 952 3774 2926 3863; baseline 0.002 -22"><span class='ocrx_word' id='word_1_440' title='bbox 952 3796 1090 3841; x_wconf 78' lang='lat' dir='ltr'>men</span> <span class='ocrx_word' id='word_1_441' title='bbox 1141 3783 1342 3841; x_wconf 65' lang='lat' dir='ltr'>mon:</span> <span class='ocrx_word' id='word_1_442' title='bbox 1393 3774 1713 3860; x_wconf 91' lang='lat' dir='ltr'>petimus,</span> <span class='ocrx_word' id='word_1_443' title='bbox 1771 3785 1846 3841; x_wconf 89' lang='lat' dir='ltr'>ut</span> <span class='ocrx_word' id='word_1_444' title='bbox 1908 3775 2144 3842; x_wconf 89' lang='lat' dir='ltr'>notitia</span> <span class='ocrx_word' id='word_1_445' title='bbox 2195 3776 2394 3843; x_wconf 86' lang='lat' dir='ltr'>nobis</span> <span class='ocrx_word' id='word_1_446' title='bbox 2447 3778 2537 3843; x_wconf 91' lang='lat' dir='ltr'>sit</span> <span class='ocrx_word' id='word_1_447' title='bbox 2586 3797 2796 3863; x_wconf 80' lang='lat' dir='ltr'>pura3</span> <span class='ocrx_word' id='word_1_448' title='bbox 2850 3787 2926 3845; x_wconf 86' lang='lat' dir='ltr'>ut</span> 
     </span>
     <span class='ocr_line' id='line_1_49' title="bbox 951 3858 2924 3950; baseline 0 -20"><span class='ocrx_word' id='word_1_449' title='bbox 951 3874 1143 3930; x_wconf 85' lang='lat' dir='ltr'>recte</span> <span class='ocrx_word' id='word_1_450' title='bbox 1187 3878 1640 3949; x_wconf 83' lang='lat' dir='ltr'>agnoscamus</span> <span class='ocrx_word' id='word_1_451' title='bbox 1682 3858 1922 3929; x_wconf 86' lang='lat' dir='ltr'>Deum.</span> <span class='ocrx_word' id='word_1_452' title='bbox 2009 3860 2074 3927; x_wconf 80' lang='lat' dir='ltr'>A</span> <span class='ocrx_word' id='word_1_453' title='bbox 2170 3862 2439 3929; x_wconf 90' lang='lat' dir='ltr'>itionem</span> <span class='ocrx_word' id='word_1_454' title='bbox 2482 3864 2784 3950; x_wconf 86' lang='lat' dir='ltr'>sequitur</span> <span class='ocrx_word' id='word_1_455' title='bbox 2828 3859 2924 3930; x_wconf 80' lang='lat' dir='ltr'>ef-</span> 
     </span>
     <span class='ocr_line' id='line_1_50' title="bbox 951 3946 2922 4037; baseline 0 -21"><span class='ocrx_word' id='word_1_456' title='bbox 951 3948 1221 4030; x_wconf 80' lang='lat' dir='ltr'>ficacia,</span> <span class='ocrx_word' id='word_1_457' title='bbox 1263 3948 1567 4035; x_wconf 86' lang='lat' dir='ltr'>sequitur</span> <span class='ocrx_word' id='word_1_458' title='bbox 1607 3946 1822 4033; x_wconf 87' lang='lat' dir='ltr'>ipsius</span> <span class='ocrx_word' id='word_1_459' title='bbox 1877 3947 1947 4012; x_wconf 91' lang='lat' dir='ltr'>in</span> <span class='ocrx_word' id='word_1_460' title='bbox 1986 3966 2077 4013; x_wconf 91' lang='lat' dir='ltr'>no</span> <span class='ocrx_word' id='word_1_461' title='bbox 2125 3948 2185 4012; x_wconf 89' lang='lat' dir='ltr'>is</span> <span class='ocrx_word' id='word_1_462' title='bbox 2228 3967 2512 4036; x_wconf 82' lang='lat' dir='ltr'>regnum</span> <span class='ocrx_word' id='word_1_463' title='bbox 2568 3959 2636 4015; x_wconf 86' lang='lat' dir='ltr'>et</span> <span class='ocrx_word' id='word_1_464' title='bbox 2678 3950 2922 4037; x_wconf 83' lang='lat' dir='ltr'>guber·</span> 
     </span>
    </p>
   </div>
   <div class='ocr_carea' id='block_1_13' title="bbox 3025 3595 5005 3925">
    <p class='ocr_par' dir='ltr' id='par_1_13' title="bbox 3025 3595 5005 3925">
     <span class='ocr_line' id='line_1_51' title="bbox 3028 3595 5005 3687; baseline 0.005 -27"><span class='ocrx_word' id='word_1_465' title='bbox 3028 3596 3336 3662; x_wconf 86' lang='lat' dir='ltr'>mandati.</span> <span class='ocrx_word' id='word_1_466' title='bbox 3424 3595 3677 3665; x_wconf 84' lang='lat' dir='ltr'>Postea</span> <span class='ocrx_word' id='word_1_467' title='bbox 3717 3601 4020 3687; x_wconf 82' lang='lat' dir='ltr'>sequitur</span> <span class='ocrx_word' id='word_1_468' title='bbox 4059 3604 4416 3687; x_wconf 88' lang='lat' dir='ltr'>promissio</span> <span class='ocrx_word' id='word_1_469' title='bbox 4462 3604 4551 3670; x_wconf 85' lang='lat' dir='ltr'>de</span> <span class='ocrx_word' id='word_1_470' title='bbox 4592 3606 4801 3672; x_wconf 88' lang='lat' dir='ltr'>rebus</span> <span class='ocrx_word' id='word_1_471' title='bbox 4846 3621 5005 3669; x_wconf 83' lang='lat' dir='ltr'>cor·</span> 
     </span>
     <span class='ocr_line' id='line_1_52' title="bbox 3025 3680 5003 3843; baseline 0.005 -96"><span class='ocrx_word' id='word_1_472' title='bbox 3025 3680 3408 3767; x_wconf 71' lang='lat' dir='ltr'>paralibust</span> <span class='ocrx_word' id='word_1_473' title='bbox 3453 3682 3544 3747; x_wconf 83' lang='lat' dir='ltr'>Et</span> <span class='ocrx_word' id='word_1_474' title='bbox 3587 3689 3794 3790; x_wconf 58' lang='lat' dir='ltr'>onena</span> <span class='ocrx_word' id='word_1_475' title='bbox 3828 3686 4211 3751; x_wconf 66' lang='lat' dir='ltr'>adiiciant-w</span> <span class='ocrx_word' id='word_1_476' title='bbox 4251 3689 4454 3753; x_wconf 71' lang='lat' dir='ltr'>vobin</span> <span class='ocrx_word' id='word_1_477' title='bbox 4498 3690 4589 3755; x_wconf 92' lang='lat' dir='ltr'>de</span> <span class='ocrx_word' id='word_1_478' title='bbox 4630 3710 4767 3777; x_wconf 89' lang='lat' dir='ltr'>quo</span> <span class='ocrx_word' id='word_1_479' title='bbox 4800 3699 5003 3843; x_wconf 52' lang='lat' dir='ltr'>ffat-</span> 
     </span>
     <span class='ocr_line' id='line_1_53' title="bbox 3025 3768 5001 3925; baseline 0.006 -92"><span class='ocrx_word' id='word_1_480' title='bbox 3025 3787 3111 3834; x_wconf 90' lang='lat' dir='ltr'>ea</span> <span class='ocrx_word' id='word_1_481' title='bbox 3154 3768 3945 3925; x_wconf 39' lang='lat' dir='ltr'>fflffiffssssnggfflgsshoe</span> <span class='ocrx_word' id='word_1_482' title='bbox 4009 3787 4467 3864; x_wconf 84' lang='lat' dir='ltr'>argumentum</span> <span class='ocrx_word' id='word_1_483' title='bbox 4534 3777 4797 3844; x_wconf 87' lang='lat' dir='ltr'>tractab</span> <span class='ocrx_word' id='word_1_484' title='bbox 4884 3794 5001 3844; x_wconf 71' lang='lat' dir='ltr'>ua·</span> 
     </span>
    </p>
   </div>
   <div class='ocr_carea' id='block_1_14' title="bbox 948 4024 4953 4291">
    <p class='ocr_par' dir='ltr' id='par_1_14' title="bbox 948 4024 4953 4291">
     <span class='ocr_line' id='line_1_54' title="bbox 950 4024 4953 4122; baseline 0 -25"><span class='ocrx_word' id='word_1_485' title='bbox 950 4034 1156 4104; x_wconf 80' lang='lat' dir='ltr'>natio.</span> <span class='ocrx_word' id='word_1_486' title='bbox 1241 4035 1560 4097; x_wconf 72' lang='lat' dir='ltr'>Adveniet</span> <span class='ocrx_word' id='word_1_487' title='bbox 1598 4053 1853 4116; x_wconf 70' lang='lat' dir='ltr'>requam</span> <span class='ocrx_word' id='word_1_488' title='bbox 1893 4039 2082 4118; x_wconf 65' lang='lat' dir='ltr'>tm,</span> <span class='ocrx_word' id='word_1_489' title='bbox 2125 4032 2195 4099; x_wconf 82' lang='lat' dir='ltr'>id</span> <span class='ocrx_word' id='word_1_490' title='bbox 2237 4048 2364 4115; x_wconf 80' lang='lat' dir='ltr'>est,</span> <span class='ocrx_word' id='word_1_491' title='bbox 2407 4046 2480 4101; x_wconf 90' lang='lat' dir='ltr'>tu</span> <span class='ocrx_word' id='word_1_492' title='bbox 2519 4054 2725 4122; x_wconf 78' lang='lat' dir='ltr'>regas</span> <span class='ocrx_word' id='word_1_493' title='bbox 2767 4052 2923 4115; x_wconf 76' lang='lat' dir='ltr'>noa,</span> <span class='ocrx_word' id='word_1_494' title='bbox 3195 4024 3417 4090; x_wconf 82' lang='lat' dir='ltr'>Nolite</span> <span class='ocrx_word' id='word_1_495' title='bbox 3448 4047 3583 4090; x_wconf 77' lang='lat' dir='ltr'>esee</span> <span class='ocrx_word' id='word_1_496' title='bbox 3622 4028 3891 4095; x_wconf 74' lang='lat' dir='ltr'>solliciti</span> <span class='ocrx_word' id='word_1_497' title='bbox 3932 4033 4016 4095; x_wconf 79' lang='lat' dir='ltr'>de</span> <span class='ocrx_word' id='word_1_498' title='bbox 4057 4036 4361 4113; x_wconf 73' lang='lat' dir='ltr'>crastino,</span> <span class='ocrx_word' id='word_1_499' title='bbox 4401 4041 4498 4098; x_wconf 76' lang='lat' dir='ltr'>est</span> <span class='ocrx_word' id='word_1_500' title='bbox 4529 4032 4953 4117; x_wconf 70' lang='lat' dir='ltr'>impossibile:</span> 
     </span>
     <span class='ocr_line' id='line_1_55' title="bbox 949 4111 3997 4207; baseline -0.001 -19"><span class='ocrx_word' id='word_1_501' title='bbox 949 4122 1049 4188; x_wconf 81' lang='lat' dir='ltr'>sis</span> <span class='ocrx_word' id='word_1_502' title='bbox 1093 4116 1338 4188; x_wconf 81' lang='lat' dir='ltr'>efficax</span> <span class='ocrx_word' id='word_1_503' title='bbox 1379 4122 1452 4187; x_wconf 88' lang='lat' dir='ltr'>in</span> <span class='ocrx_word' id='word_1_504' title='bbox 1492 4120 1712 4186; x_wconf 87' lang='lat' dir='ltr'>nobis.</span> <span class='ocrx_word' id='word_1_505' title='bbox 1799 4118 1900 4184; x_wconf 85' lang='lat' dir='ltr'>Ita</span> <span class='ocrx_word' id='word_1_506' title='bbox 1954 4118 2146 4185; x_wconf 85' lang='lat' dir='ltr'>Dens</span> <span class='ocrx_word' id='word_1_507' title='bbox 2203 4117 2462 4207; x_wconf 84' lang='lat' dir='ltr'>colligit</span> <span class='ocrx_word' id='word_1_508' title='bbox 2502 4119 2917 4188; x_wconf 75' lang='lat' dir='ltr'>Ecclesiamt</span> <span class='ocrx_word' id='word_1_509' title='bbox 3194 4111 3374 4195; x_wconf 76' lang='lat' dir='ltr'>Er9⁰</span> <span class='ocrx_word' id='word_1_510' title='bbox 3418 4122 3515 4177; x_wconf 76' lang='lat' dir='ltr'>est</span> <span class='ocrx_word' id='word_1_511' title='bbox 3554 4114 3790 4180; x_wconf 74' lang='lat' dir='ltr'>nullius</span> <span class='ocrx_word' id='word_1_512' title='bbox 3830 4139 3997 4182; x_wconf 72' lang='lat' dir='ltr'>asae.</span> 
     </span>
     <span class='ocr_line' id='line_1_56' title="bbox 948 4205 2922 4291; baseline -0.003 -15"><span class='ocrx_word' id='word_1_513' title='bbox 948 4205 1241 4276; x_wconf 80' lang='lat' dir='ltr'>Primum</span> <span class='ocrx_word' id='word_1_514' title='bbox 1299 4206 1502 4274; x_wconf 89' lang='lat' dir='ltr'>docet</span> <span class='ocrx_word' id='word_1_515' title='bbox 1543 4207 1778 4286; x_wconf 85' lang='lat' dir='ltr'>verbo,</span> <span class='ocrx_word' id='word_1_516' title='bbox 1825 4224 1977 4272; x_wconf 91' lang='lat' dir='ltr'>cum</span> <span class='ocrx_word' id='word_1_517' title='bbox 2020 4216 2221 4272; x_wconf 86' lang='lat' dir='ltr'>sonat</span> <span class='ocrx_word' id='word_1_518' title='bbox 2272 4228 2444 4284; x_wconf 66' lang='lat' dir='ltr'>vox,</span> <span class='ocrx_word' id='word_1_519' title='bbox 2502 4206 2740 4274; x_wconf 87' lang='lat' dir='ltr'>deinde</span> <span class='ocrx_word' id='word_1_520' title='bbox 2796 4227 2922 4291; x_wconf 88' lang='lat' dir='ltr'>per</span> 
     </span>
    </p>
   </div>
   <div class='ocr_carea' id='block_1_15' title="bbox 936 4284 5001 5679">
    <p class='ocr_par' dir='ltr' id='par_1_15' title="bbox 943 4284 5001 4983">
     <span class='ocr_line' id='line_1_57' title="bbox 947 4284 5001 4379; baseline 0 -18"><span class='ocrx_word' id='word_1_521' title='bbox 947 4315 1188 4362; x_wconf 79' lang='lat' dir='ltr'>vocem</span> <span class='ocrx_word' id='word_1_522' title='bbox 1243 4305 1351 4360; x_wconf 88' lang='lat' dir='ltr'>est</span> <span class='ocrx_word' id='word_1_523' title='bbox 1411 4292 1673 4361; x_wconf 83' lang='lat' dir='ltr'>efficax.</span> <span class='ocrx_word' id='word_1_524' title='bbox 1761 4290 2014 4359; x_wconf 87' lang='lat' dir='ltr'>Postea</span> <span class='ocrx_word' id='word_1_525' title='bbox 2053 4293 2386 4379; x_wconf 78' lang='lat' dir='ltr'>sequitur:</span> <span class='ocrx_word' id='word_1_526' title='bbox 2439 4294 2594 4357; x_wconf 78' lang='lat' dir='ltr'>Fiat</span> <span class='ocrx_word' id='word_1_527' title='bbox 2629 4291 2922 4356; x_wconf 66' lang='lat' dir='ltr'>columae</span> <span class='ocrx_word' id='word_1_528' title='bbox 3193 4284 3419 4353; x_wconf 91' lang='lat' dir='ltr'>Probo</span> <span class='ocrx_word' id='word_1_529' title='bbox 3461 4308 3584 4372; x_wconf 88' lang='lat' dir='ltr'>per</span> <span class='ocrx_word' id='word_1_530' title='bbox 3624 4291 3954 4375; x_wconf 87' lang='lat' dir='ltr'>teipsum.</span> <span class='ocrx_word' id='word_1_531' title='bbox 3999 4291 4181 4358; x_wconf 86' lang='lat' dir='ltr'>Esne</span> <span class='ocrx_word' id='word_1_532' title='bbox 4222 4304 4297 4361; x_wconf 90' lang='lat' dir='ltr'>tu</span> <span class='ocrx_word' id='word_1_533' title='bbox 4340 4292 4489 4358; x_wconf 89' lang='lat' dir='ltr'>sine</span> <span class='ocrx_word' id='word_1_534' title='bbox 4516 4287 5001 4375; x_wconf 82' lang='lat' dir='ltr'>sollicitudine,</span> 
     </span>
     <span class='ocr_line' id='line_1_58' title="bbox 946 4372 5001 4463; baseline 0 -18"><span class='ocrx_word' id='word_1_535' title='bbox 946 4388 1097 4445; x_wconf 73' lang='lat' dir='ltr'>tua.-</span> <span class='ocrx_word' id='word_1_536' title='bbox 1138 4379 1205 4446; x_wconf 87' lang='lat' dir='ltr'>id</span> <span class='ocrx_word' id='word_1_537' title='bbox 1250 4392 1377 4451; x_wconf 89' lang='lat' dir='ltr'>est,</span> <span class='ocrx_word' id='word_1_538' title='bbox 1419 4378 1552 4463; x_wconf 81' lang='lat' dir='ltr'>fac,</span> <span class='ocrx_word' id='word_1_539' title='bbox 1593 4388 1670 4445; x_wconf 92' lang='lat' dir='ltr'>ut</span> <span class='ocrx_word' id='word_1_540' title='bbox 1710 4398 1946 4446; x_wconf 87' lang='lat' dir='ltr'>omnes</span> <span class='ocrx_word' id='word_1_541' title='bbox 1981 4374 2383 4445; x_wconf 81' lang='lat' dir='ltr'>‘vocationes</span> <span class='ocrx_word' id='word_1_542' title='bbox 2428 4380 2547 4446; x_wconf 91' lang='lat' dir='ltr'>tibi</span> <span class='ocrx_word' id='word_1_543' title='bbox 2593 4380 2918 4461; x_wconf 89' lang='lat' dir='ltr'>serviant,</span> <span class='ocrx_word' id='word_1_544' title='bbox 3022 4372 3293 4456; x_wconf 70' lang='lat' dir='ltr'>quando</span> <span class='ocrx_word' id='word_1_545' title='bbox 3336 4393 3473 4440; x_wconf 84' lang='lat' dir='ltr'>non</span> <span class='ocrx_word' id='word_1_546' title='bbox 3515 4373 3731 4443; x_wconf 78' lang='lat' dir='ltr'>hebes</span> <span class='ocrx_word' id='word_1_547' title='bbox 3901 4378 4170 4445; x_wconf 71' lang='lat' dir='ltr'>uniam?</span> <span class='ocrx_word' id='word_1_548' title='bbox 4213 4376 4442 4445; x_wconf 90' lang='lat' dir='ltr'>Simile</span> <span class='ocrx_word' id='word_1_549' title='bbox 4468 4391 4574 4447; x_wconf 90' lang='lat' dir='ltr'>est</span> <span class='ocrx_word' id='word_1_550' title='bbox 4608 4374 4806 4444; x_wconf 72' lang='lat' dir='ltr'>illudz</span> <span class='ocrx_word' id='word_1_551' title='bbox 4851 4378 5001 4447; x_wconf 86' lang='lat' dir='ltr'>No-</span> 
     </span>
     <span class='ocr_line' id='line_1_59' title="bbox 945 4459 4997 4554; baseline -0 -18"><span class='ocrx_word' id='word_1_552' title='bbox 945 4466 1408 4554; x_wconf 81' lang='lat' dir='ltr'>unusquisque</span> <span class='ocrx_word' id='word_1_553' title='bbox 1450 4466 1519 4531; x_wconf 91' lang='lat' dir='ltr'>in</span> <span class='ocrx_word' id='word_1_554' title='bbox 1559 4483 1688 4533; x_wconf 86' lang='lat' dir='ltr'>sua</span> <span class='ocrx_word' id='word_1_555' title='bbox 1729 4465 2107 4546; x_wconf 82' lang='lat' dir='ltr'>vocatione,</span> <span class='ocrx_word' id='word_1_556' title='bbox 2151 4485 2278 4532; x_wconf 89' lang='lat' dir='ltr'>suo</span> <span class='ocrx_word' id='word_1_557' title='bbox 2322 4461 2480 4533; x_wconf 90' lang='lat' dir='ltr'>loco</span> <span class='ocrx_word' id='word_1_558' title='bbox 2523 4476 2590 4531; x_wconf 91' lang='lat' dir='ltr'>et</span> <span class='ocrx_word' id='word_1_559' title='bbox 2638 4485 2765 4532; x_wconf 90' lang='lat' dir='ltr'>suo</span> <span class='ocrx_word' id='word_1_560' title='bbox 2812 4486 2917 4531; x_wconf 91' lang='lat' dir='ltr'>or·</span> <span class='ocrx_word' id='word_1_561' title='bbox 2965 4527 2966 4534; x_wconf 75' lang='grc'>,</span> <span class='ocrx_word' id='word_1_562' title='bbox 3020 4459 3133 4526; x_wconf 67' lang='lat' dir='ltr'>lite</span> <span class='ocrx_word' id='word_1_563' title='bbox 3175 4460 3401 4525; x_wconf 73' lang='lat' dir='ltr'>timere</span> <span class='ocrx_word' id='word_1_564' title='bbox 3542 4462 3711 4530; x_wconf 81' lang='lat' dir='ltr'>obra</span> <span class='ocrx_word' id='word_1_565' title='bbox 3805 4466 4098 4547; x_wconf 68' lang='lat' dir='ltr'>omittam,</span> <span class='ocrx_word' id='word_1_566' title='bbox 4150 4467 4350 4533; x_wconf 86' lang='lat' dir='ltr'>nolite</span> <span class='ocrx_word' id='word_1_567' title='bbox 4405 4466 4630 4531; x_wconf 86' lang='lat' dir='ltr'>timere</span> <span class='ocrx_word' id='word_1_568' title='bbox 4682 4475 4965 4534; x_wconf 79' lang='lat' dir='ltr'>mortem</span> <span class='ocrx_word' id='word_1_569' title='bbox 4974 4488 4997 4547; x_wconf 79' lang='lat'>3</span> 
     </span>
     <span class='ocr_line' id='line_1_60' title="bbox 947 4547 5001 4639; baseline 0.001 -22"><span class='ocrx_word' id='word_1_570' title='bbox 947 4555 1126 4634; x_wconf 85' lang='lat' dir='ltr'>dine,</span> <span class='ocrx_word' id='word_1_571' title='bbox 1167 4553 1236 4617; x_wconf 90' lang='lat' dir='ltr'>in</span> <span class='ocrx_word' id='word_1_572' title='bbox 1281 4572 1407 4621; x_wconf 86' lang='lat' dir='ltr'>sua</span> <span class='ocrx_word' id='word_1_573' title='bbox 1449 4551 1743 4617; x_wconf 87' lang='lat' dir='ltr'>statione</span> <span class='ocrx_word' id='word_1_574' title='bbox 1786 4561 1973 4616; x_wconf 91' lang='lat' dir='ltr'>recte</span> <span class='ocrx_word' id='word_1_575' title='bbox 1996 4552 2271 4617; x_wconf 86' lang='lat' dir='ltr'>serviat.</span> <span class='ocrx_word' id='word_1_576' title='bbox 2339 4550 2654 4639; x_wconf 89' lang='lat' dir='ltr'>Sequitur</span> <span class='ocrx_word' id='word_1_577' title='bbox 2679 4553 2919 4619; x_wconf 81' lang='lat' dir='ltr'>deinde</span> <span class='ocrx_word' id='word_1_578' title='bbox 2965 4550 2966 4557; x_wconf 77' lang='grc'>’</span> <span class='ocrx_word' id='word_1_579' title='bbox 3022 4557 3090 4610; x_wconf 95' lang='lat' dir='ltr'>et</span> <span class='ocrx_word' id='word_1_580' title='bbox 3134 4547 3238 4612; x_wconf 88' lang='lat' dir='ltr'>sic</span> <span class='ocrx_word' id='word_1_581' title='bbox 3281 4547 3365 4612; x_wconf 89' lang='lat' dir='ltr'>de</span> <span class='ocrx_word' id='word_1_582' title='bbox 3476 4548 3579 4613; x_wconf 86' lang='lat' dir='ltr'>iis.</span> <span class='ocrx_word' id='word_1_583' title='bbox 3668 4548 3878 4616; x_wconf 89' lang='lat' dir='ltr'>Estne</span> <span class='ocrx_word' id='word_1_584' title='bbox 3921 4548 4161 4637; x_wconf 88' lang='lat' dir='ltr'>aliquis</span> <span class='ocrx_word' id='word_1_585' title='bbox 4215 4554 4361 4619; x_wconf 85' lang='lat' dir='ltr'>sine</span> <span class='ocrx_word' id='word_1_586' title='bbox 4418 4553 4655 4618; x_wconf 89' lang='lat' dir='ltr'>timore</span> <span class='ocrx_word' id='word_1_587' title='bbox 4707 4552 5001 4621; x_wconf 64' lang='lat' dir='ltr'>mortis?</span> 
     </span>
     <span class='ocr_line' id='line_1_61' title="bbox 943 4629 4996 4729; baseline 0 -24"><span class='ocrx_word' id='word_1_588' title='bbox 943 4640 1246 4729; x_wconf 88' lang='lat' dir='ltr'>precatio</span> <span class='ocrx_word' id='word_1_589' title='bbox 1312 4639 1398 4705; x_wconf 93' lang='lat' dir='ltr'>de</span> <span class='ocrx_word' id='word_1_590' title='bbox 1442 4637 1637 4704; x_wconf 90' lang='lat' dir='ltr'>bonis</span> <span class='ocrx_word' id='word_1_591' title='bbox 1704 4633 2192 4723; x_wconf 87' lang='lat' dir='ltr'>corporalibus.</span> <span class='ocrx_word' id='word_1_592' title='bbox 2279 4637 2435 4700; x_wconf 66' lang='lat' dir='ltr'>Alco</span> <span class='ocrx_word' id='word_1_593' title='bbox 2497 4638 2680 4720; x_wconf 62' lang='lat' dir='ltr'>gelas</span> <span class='ocrx_word' id='word_1_594' title='bbox 2741 4636 2920 4700; x_wconf 66' lang='lat' dir='ltr'>recht</span> <span class='ocrx_word' id='word_1_595' title='bbox 3020 4629 3205 4712; x_wconf 88' lang='lat' dir='ltr'>Item,</span> <span class='ocrx_word' id='word_1_596' title='bbox 3248 4633 3399 4718; x_wconf 91' lang='lat' dir='ltr'>quis</span> <span class='ocrx_word' id='word_1_597' title='bbox 3443 4652 3578 4698; x_wconf 90' lang='lat' dir='ltr'>non</span> <span class='ocrx_word' id='word_1_598' title='bbox 3622 4633 3832 4716; x_wconf 88' lang='lat' dir='ltr'>dolet,</span> <span class='ocrx_word' id='word_1_599' title='bbox 3879 4638 4145 4721; x_wconf 86' lang='lat' dir='ltr'>quando</span> <span class='ocrx_word' id='word_1_600' title='bbox 4199 4640 4382 4704; x_wconf 86' lang='lat' dir='ltr'>videt</span> <span class='ocrx_word' id='word_1_601' title='bbox 4435 4658 4515 4703; x_wconf 89' lang='lat' dir='ltr'>se</span> <span class='ocrx_word' id='word_1_602' title='bbox 4580 4635 4996 4722; x_wconf 83' lang='lat' dir='ltr'>conculcari,</span> 
     </span>
     <span class='ocr_line' id='line_1_62' title="bbox 946 4719 4995 4811; baseline -0 -21"><span class='ocrx_word' id='word_1_603' title='bbox 946 4728 1076 4808; x_wconf 67' lang='lat' dir='ltr'>anca</span> <span class='ocrx_word' id='word_1_604' title='bbox 1117 4725 1437 4799; x_wconf 75' lang='lat' dir='ltr'>einander,</span> <span class='ocrx_word' id='word_1_605' title='bbox 1503 4726 1622 4785; x_wconf 80' lang='lat' dir='ltr'>wie</span> <span class='ocrx_word' id='word_1_606' title='bbox 1672 4742 1741 4785; x_wconf 78' lang='lat' dir='ltr'>es</span> <span class='ocrx_word' id='word_1_607' title='bbox 1803 4721 1962 4785; x_wconf 73' lang='lat' dir='ltr'>anch</span> <span class='ocrx_word' id='word_1_608' title='bbox 2025 4722 2131 4784; x_wconf 74' lang='lat' dir='ltr'>ltie</span> <span class='ocrx_word' id='word_1_609' title='bbox 2192 4724 2333 4804; x_wconf 60' lang='lat' dir='ltr'>cerff</span> <span class='ocrx_word' id='word_1_610' title='bbox 2381 4724 2683 4795; x_wconf 67' lang='grc' dir='ltr'>σίκαπάει·</span> <span class='ocrx_word' id='word_1_611' title='bbox 2733 4723 2918 4806; x_wconf 74' lang='lat' dir='ltr'>9eloet</span> <span class='ocrx_word' id='word_1_612' title='bbox 3021 4729 3088 4783; x_wconf 88' lang='lat' dir='ltr'>et</span> <span class='ocrx_word' id='word_1_613' title='bbox 3152 4719 3426 4786; x_wconf 89' lang='lat' dir='ltr'>summis</span> <span class='ocrx_word' id='word_1_614' title='bbox 3495 4720 3915 4788; x_wconf 88' lang='lat' dir='ltr'>contumeliis</span> <span class='ocrx_word' id='word_1_615' title='bbox 4026 4720 4209 4791; x_wconf 70' lang='lat' dir='ltr'>ffici?</span> <span class='ocrx_word' id='word_1_616' title='bbox 4272 4723 4700 4809; x_wconf 83' lang='lat' dir='ltr'>Respondeo.</span> <span class='ocrx_word' id='word_1_617' title='bbox 4788 4723 4995 4811; x_wconf 83' lang='lat' dir='ltr'>Nego</span> 
     </span>
     <span class='ocr_line' id='line_1_63' title="bbox 946 4743 4997 4896; baseline 0 -17"><span class='ocrx_word' id='word_1_618' title='bbox 946 4813 1185 4880; x_wconf 89' lang='lat' dir='ltr'>eodem</span> <span class='ocrx_word' id='word_1_619' title='bbox 1227 4813 1453 4892; x_wconf 88' lang='lat' dir='ltr'>modo,</span> <span class='ocrx_word' id='word_1_620' title='bbox 1497 4831 1651 4882; x_wconf 89' lang='lat' dir='ltr'>cum</span> <span class='ocrx_word' id='word_1_621' title='bbox 1694 4808 1962 4879; x_wconf 79' lang='lat' dir='ltr'>dicitur:</span> <span class='ocrx_word' id='word_1_622' title='bbox 2007 4808 2284 4872; x_wconf 66' lang='lat' dir='ltr'>Rimata</span> <span class='ocrx_word' id='word_1_623' title='bbox 2324 4812 2608 4892; x_wconf 62' lang='lat' dir='ltr'>quaet-ite</span> <span class='ocrx_word' id='word_1_624' title='bbox 2662 4830 2916 4893; x_wconf 72' lang='lat' dir='ltr'>reynmn</span> <span class='ocrx_word' id='word_1_625' title='bbox 3018 4803 3459 4870; x_wconf 81' lang='lat' dir='ltr'>antecedens:</span> <span class='ocrx_word' id='word_1_626' title='bbox 3521 4816 3589 4871; x_wconf 91' lang='lat' dir='ltr'>et</span> <span class='ocrx_word' id='word_1_627' title='bbox 3646 4807 3798 4873; x_wconf 84' lang='lat' dir='ltr'>dico</span> <span class='ocrx_word' id='word_1_628' title='bbox 3855 4743 4031 4876; x_wconf 54' lang='lat' dir='ltr'>ess}</span> <span class='ocrx_word' id='word_1_629' title='bbox 4057 4809 4383 4894; x_wconf 87' lang='lat' dir='ltr'>possibile</span> <span class='ocrx_word' id='word_1_630' title='bbox 4425 4812 4694 4876; x_wconf 87' lang='lat' dir='ltr'>iuvante</span> <span class='ocrx_word' id='word_1_631' title='bbox 4738 4810 4997 4896; x_wconf 78' lang='lat' dir='ltr'>Spiritu</span> 
     </span>
     <span class='ocr_line' id='line_1_64' title="bbox 944 4887 4999 4983; baseline 0 -19"><span class='ocrx_word' id='word_1_632' title='bbox 944 4898 1076 4964; x_wconf 85' lang='lat' dir='ltr'>Dei</span> <span class='ocrx_word' id='word_1_633' title='bbox 1115 4907 1179 4962; x_wconf 82' lang='lat' dir='ltr'>et</span> <span class='ocrx_word' id='word_1_634' title='bbox 1219 4901 1529 4962; x_wconf 76' lang='lat' dir='ltr'>iustitiam</span> <span class='ocrx_word' id='word_1_635' title='bbox 1570 4899 1728 4969; x_wconf 73' lang='lat' dir='ltr'>eius,</span> <span class='ocrx_word' id='word_1_636' title='bbox 1770 4904 1834 4959; x_wconf 79' lang='lat' dir='ltr'>et</span> <span class='ocrx_word' id='word_1_637' title='bbox 1875 4897 2085 4958; x_wconf 69' lang='lat' dir='ltr'>onmia</span> <span class='ocrx_word' id='word_1_638' title='bbox 2128 4896 2512 4959; x_wconf 73' lang='lat' dir='ltr'>adiicientnr</span> <span class='ocrx_word' id='word_1_639' title='bbox 2551 4895 2748 4959; x_wconf 77' lang='lat' dir='ltr'>cobis.</span> <span class='ocrx_word' id='word_1_640' title='bbox 3018 4902 3277 4957; x_wconf 88' lang='lat' dir='ltr'>sancto.</span> <span class='ocrx_word' id='word_1_641' title='bbox 3346 4887 3595 4960; x_wconf 81' lang='lat' dir='ltr'>Postea</span> <span class='ocrx_word' id='word_1_642' title='bbox 3636 4894 3927 4983; x_wconf 88' lang='lat' dir='ltr'>adiungo</span> <span class='ocrx_word' id='word_1_643' title='bbox 3974 4895 4509 4964; x_wconf 87' lang='lat' dir='ltr'>Grammaticam.</span> <span class='ocrx_word' id='word_1_644' title='bbox 4580 4895 4806 4962; x_wconf 78' lang='lat' dir='ltr'>Nolite</span> <span class='ocrx_word' id='word_1_645' title='bbox 4850 4917 4999 4965; x_wconf 73' lang='lat' dir='ltr'>esse</span> 
     </span>
    </p>

    <p class='ocr_par' dir='ltr' id='par_1_16' title="bbox 936 4978 4995 5679">
     <span class='ocr_line' id='line_1_65' title="bbox 1118 4978 4995 5102; baseline 0 -52"><span class='ocrx_word' id='word_1_646' title='bbox 1118 4984 1424 5072; x_wconf 87' lang='lat' dir='ltr'>Regnum</span> <span class='ocrx_word' id='word_1_647' title='bbox 1445 4984 1573 5050; x_wconf 89' lang='lat' dir='ltr'>Dei</span> <span class='ocrx_word' id='word_1_648' title='bbox 1616 4993 1684 5050; x_wconf 83' lang='lat' dir='ltr'>et</span> <span class='ocrx_word' id='word_1_649' title='bbox 1704 4982 1956 5051; x_wconf 84' lang='lat' dir='ltr'>iustitia</span> <span class='ocrx_word' id='word_1_650' title='bbox 1998 4981 2168 5062; x_wconf 89' lang='lat' dir='ltr'>eius,</span> <span class='ocrx_word' id='word_1_651' title='bbox 2212 4980 2590 5071; x_wconf 84' lang='lat' dir='ltr'>significant</span> <span class='ocrx_word' id='word_1_652' title='bbox 2632 4983 2914 5071; x_wconf 87' lang='lat' dir='ltr'>agnitio-</span> <span class='ocrx_word' id='word_1_653' title='bbox 2960 4997 2971 5102; x_wconf 78' lang='grc' dir='ltr'>Ι</span> <span class='ocrx_word' id='word_1_654' title='bbox 3016 4978 3305 5056; x_wconf 73' lang='lat' dir='ltr'>solliciti,</span> <span class='ocrx_word' id='word_1_655' title='bbox 3346 4978 3547 5043; x_wconf 83' lang='lat' dir='ltr'>nolite</span> <span class='ocrx_word' id='word_1_656' title='bbox 3586 4987 3826 5047; x_wconf 66' lang='lat' dir='ltr'>maere.</span> <span class='ocrx_word' id='word_1_657' title='bbox 3894 4979 4019 5047; x_wconf 84' lang='lat' dir='ltr'>Illa</span> <span class='ocrx_word' id='word_1_658' title='bbox 4063 4985 4272 5050; x_wconf 85' lang='lat' dir='ltr'>verba</span> <span class='ocrx_word' id='word_1_659' title='bbox 4314 4980 4765 5070; x_wconf 86' lang='lat' dir='ltr'>intelligantur</span> <span class='ocrx_word' id='word_1_660' title='bbox 4808 5004 4995 5051; x_wconf 88' lang='lat' dir='ltr'>com·</span> 
     </span>
     <span class='ocr_line' id='line_1_66' title="bbox 942 5060 4995 5158; baseline -0 -19"><span class='ocrx_word' id='word_1_661' title='bbox 942 5091 1098 5139; x_wconf 89' lang='lat' dir='ltr'>nem</span> <span class='ocrx_word' id='word_1_662' title='bbox 1139 5068 1297 5150; x_wconf 89' lang='lat' dir='ltr'>Dei,</span> <span class='ocrx_word' id='word_1_663' title='bbox 1343 5091 1475 5157; x_wconf 88' lang='lat' dir='ltr'>qua</span> <span class='ocrx_word' id='word_1_664' title='bbox 1510 5067 1702 5137; x_wconf 88' lang='lat' dir='ltr'>Deus</span> <span class='ocrx_word' id='word_1_665' title='bbox 1746 5079 1987 5158; x_wconf 89' lang='lat' dir='ltr'>regnat</span> <span class='ocrx_word' id='word_1_666' title='bbox 2028 5070 2097 5134; x_wconf 91' lang='lat' dir='ltr'>in</span> <span class='ocrx_word' id='word_1_667' title='bbox 2141 5071 2335 5136; x_wconf 84' lang='lat' dir='ltr'>nobis</span> <span class='ocrx_word' id='word_1_668' title='bbox 2359 5113 2385 5149; x_wconf 92' lang='lat'>,</span> <span class='ocrx_word' id='word_1_669' title='bbox 2449 5070 2728 5135; x_wconf 83' lang='lat' dir='ltr'>verbum</span> <span class='ocrx_word' id='word_1_670' title='bbox 2758 5065 2913 5149; x_wconf 89' lang='lat' dir='ltr'>Dei,</span> <span class='ocrx_word' id='word_1_671' title='bbox 3018 5060 3288 5149; x_wconf 89' lang='lat' dir='ltr'>pletive,</span> <span class='ocrx_word' id='word_1_672' title='bbox 3330 5064 3399 5129; x_wconf 87' lang='lat' dir='ltr'>id</span> <span class='ocrx_word' id='word_1_673' title='bbox 3443 5076 3570 5146; x_wconf 86' lang='lat' dir='ltr'>est,</span> <span class='ocrx_word' id='word_1_674' title='bbox 3603 5088 3691 5133; x_wconf 90' lang='lat' dir='ltr'>ne</span> <span class='ocrx_word' id='word_1_675' title='bbox 3734 5066 4130 5156; x_wconf 81' lang='lat' dir='ltr'>frangamini</span> <span class='ocrx_word' id='word_1_676' title='bbox 4156 5071 4413 5151; x_wconf 90' lang='lat' dir='ltr'>timore,</span> <span class='ocrx_word' id='word_1_677' title='bbox 4456 5091 4542 5135; x_wconf 88' lang='lat' dir='ltr'>ne</span> <span class='ocrx_word' id='word_1_678' title='bbox 4583 5067 4995 5156; x_wconf 81' lang='lat' dir='ltr'>frangamini</span> 
     </span>
     <span class='ocr_line' id='line_1_67' title="bbox 941 5148 4995 5244; baseline -0 -20"><span class='ocrx_word' id='word_1_679' title='bbox 941 5156 1401 5236; x_wconf 88' lang='lat' dir='ltr'>ministerium,</span> <span class='ocrx_word' id='word_1_680' title='bbox 1447 5168 1515 5225; x_wconf 82' lang='lat' dir='ltr'>et</span> <span class='ocrx_word' id='word_1_681' title='bbox 1557 5153 1964 5224; x_wconf 64' lang='lat' dir='ltr'>Ecclesiam:</span> <span class='ocrx_word' id='word_1_682' title='bbox 2023 5166 2091 5222; x_wconf 89' lang='lat' dir='ltr'>et</span> <span class='ocrx_word' id='word_1_683' title='bbox 2131 5166 2207 5223; x_wconf 88' lang='lat' dir='ltr'>ut</span> <span class='ocrx_word' id='word_1_684' title='bbox 2259 5175 2436 5224; x_wconf 89' lang='lat' dir='ltr'>unus</span> <span class='ocrx_word' id='word_1_685' title='bbox 2487 5156 2726 5244; x_wconf 89' lang='lat' dir='ltr'>uisque</span> <span class='ocrx_word' id='word_1_686' title='bbox 2783 5174 2911 5223; x_wconf 89' lang='lat' dir='ltr'>suo</span> <span class='ocrx_word' id='word_1_687' title='bbox 2958 5157 2968 5181; x_wconf 87' lang='lat'>⁸</span> <span class='ocrx_word' id='word_1_688' title='bbox 3017 5148 3498 5232; x_wconf 86' lang='lat' dir='ltr'>sollicitudine,</span> <span class='ocrx_word' id='word_1_689' title='bbox 3541 5173 3677 5219; x_wconf 91' lang='lat' dir='ltr'>non</span> <span class='ocrx_word' id='word_1_690' title='bbox 3721 5155 3951 5222; x_wconf 86' lang='lat' dir='ltr'>vincat</span> <span class='ocrx_word' id='word_1_691' title='bbox 3994 5153 4411 5236; x_wconf 84' lang='lat' dir='ltr'>sollicitudo,</span> <span class='ocrx_word' id='word_1_692' title='bbox 4455 5177 4589 5222; x_wconf 91' lang='lat' dir='ltr'>non</span> <span class='ocrx_word' id='word_1_693' title='bbox 4634 5156 4867 5223; x_wconf 84' lang='lat' dir='ltr'>vincat</span> <span class='ocrx_word' id='word_1_694' title='bbox 4910 5157 4995 5223; x_wconf 88' lang='lat' dir='ltr'>ti·</span> 
     </span>
     <span class='ocr_line' id='line_1_68' title="bbox 939 5179 4995 5331; baseline 0 -21"><span class='ocrx_word' id='word_1_695' title='bbox 939 5241 1099 5310; x_wconf 87' lang='lat' dir='ltr'>loco</span> <span class='ocrx_word' id='word_1_696' title='bbox 1142 5238 1378 5322; x_wconf 81' lang='lat' dir='ltr'>faciat&#39;,</span> <span class='ocrx_word' id='word_1_697' title='bbox 1446 5261 1619 5328; x_wconf 88' lang='lat' dir='ltr'>quae</span> <span class='ocrx_word' id='word_1_698' title='bbox 1662 5245 1769 5310; x_wconf 90' lang='lat' dir='ltr'>sni</span> <span class='ocrx_word' id='word_1_699' title='bbox 1832 5251 1990 5309; x_wconf 90' lang='lat' dir='ltr'>sunt</span> <span class='ocrx_word' id='word_1_700' title='bbox 2054 5244 2370 5310; x_wconf 85' lang='lat' dir='ltr'>muneris.</span> <span class='ocrx_word' id='word_1_701' title='bbox 2441 5179 2584 5308; x_wconf 57' lang='lat' dir='ltr'>‘list</span> <span class='ocrx_word' id='word_1_702' title='bbox 2648 5262 2783 5308; x_wconf 92' lang='lat' dir='ltr'>una</span> <span class='ocrx_word' id='word_1_703' title='bbox 2846 5252 2914 5307; x_wconf 90' lang='lat' dir='ltr'>et</span> <span class='ocrx_word' id='word_1_704' title='bbox 3016 5258 3200 5319; x_wconf 92' lang='lat' dir='ltr'>mor,</span> <span class='ocrx_word' id='word_1_705' title='bbox 3244 5239 3336 5303; x_wconf 87' lang='lat' dir='ltr'>ita</span> <span class='ocrx_word' id='word_1_706' title='bbox 3378 5249 3450 5302; x_wconf 90' lang='lat' dir='ltr'>ut</span> <span class='ocrx_word' id='word_1_707' title='bbox 3506 5238 3829 5306; x_wconf 84' lang='lat' dir='ltr'>deficiatis</span> <span class='ocrx_word' id='word_1_708' title='bbox 3874 5263 3916 5307; x_wconf 98' lang='lat' dir='ltr'>a</span> <span class='ocrx_word' id='word_1_709' title='bbox 3958 5238 4133 5308; x_wconf 88' lang='lat' dir='ltr'>Deo.</span> <span class='ocrx_word' id='word_1_710' title='bbox 4221 5240 4633 5329; x_wconf 85' lang='lat' dir='ltr'>Intelligatur</span> <span class='ocrx_word' id='word_1_711' title='bbox 4688 5240 4995 5331; x_wconf 83' lang='lat' dir='ltr'>comple·</span> 
     </span>
     <span class='ocr_line' id='line_1_69' title="bbox 940 5325 4989 5416; baseline 0 -19"><span class='ocrx_word' id='word_1_712' title='bbox 940 5331 1175 5397; x_wconf 86' lang='lat' dir='ltr'>eadem</span> <span class='ocrx_word' id='word_1_713' title='bbox 1255 5329 1589 5394; x_wconf 89' lang='lat' dir='ltr'>sententia</span> <span class='ocrx_word' id='word_1_714' title='bbox 1665 5329 1954 5395; x_wconf 88' lang='lat' dir='ltr'>omnium</span> <span class='ocrx_word' id='word_1_715' title='bbox 2045 5330 2323 5396; x_wconf 86' lang='lat' dir='ltr'>istarum</span> <span class='ocrx_word' id='word_1_716' title='bbox 2410 5325 2909 5416; x_wconf 86' lang='lat' dir='ltr'>particularum.</span> <span class='ocrx_word' id='word_1_717' title='bbox 3014 5325 3171 5403; x_wconf 88' lang='lat' dir='ltr'>tive,</span> <span class='ocrx_word' id='word_1_718' title='bbox 3206 5327 3380 5391; x_wconf 89' lang='lat' dir='ltr'>sicut</span> <span class='ocrx_word' id='word_1_719' title='bbox 3424 5328 3820 5411; x_wconf 89' lang='lat' dir='ltr'>saepissime</span> <span class='ocrx_word' id='word_1_720' title='bbox 3862 5325 4154 5415; x_wconf 88' lang='lat' dir='ltr'>loquitur</span> <span class='ocrx_word' id='word_1_721' title='bbox 4187 5328 4533 5414; x_wconf 89' lang='lat' dir='ltr'>Scriptura</span> <span class='ocrx_word' id='word_1_722' title='bbox 4579 5330 4713 5395; x_wconf 91' lang='lat' dir='ltr'>isto</span> <span class='ocrx_word' id='word_1_723' title='bbox 4758 5331 4989 5399; x_wconf 89' lang='lat' dir='ltr'>modo.</span> 
     </span>
     <span class='ocr_line' id='line_1_70' title="bbox 936 5411 4989 5503; baseline 0 -19"><span class='ocrx_word' id='word_1_724' title='bbox 936 5417 1250 5484; x_wconf 84' lang='lat' dir='ltr'>Minister</span> <span class='ocrx_word' id='word_1_725' title='bbox 1292 5425 1574 5501; x_wconf 84' lang='lat' dir='ltr'>quaerat</span> <span class='ocrx_word' id='word_1_726' title='bbox 1615 5434 1892 5503; x_wconf 86' lang='lat' dir='ltr'>regnum</span> <span class='ocrx_word' id='word_1_727' title='bbox 1914 5412 2047 5479; x_wconf 87' lang='lat' dir='ltr'>Dei</span> <span class='ocrx_word' id='word_1_728' title='bbox 2086 5417 2393 5501; x_wconf 90' lang='lat' dir='ltr'>primum,</span> <span class='ocrx_word' id='word_1_729' title='bbox 2435 5427 2508 5481; x_wconf 91' lang='lat' dir='ltr'>ut</span> <span class='ocrx_word' id='word_1_730' title='bbox 2533 5417 2680 5500; x_wconf 91' lang='lat' dir='ltr'>ipse</span> <span class='ocrx_word' id='word_1_731' title='bbox 2723 5425 2911 5481; x_wconf 88' lang='lat' dir='ltr'>recte</span> <span class='ocrx_word' id='word_1_732' title='bbox 3015 5411 3170 5477; x_wconf 87' lang='lat' dir='ltr'>Non</span> <span class='ocrx_word' id='word_1_733' title='bbox 3215 5422 3371 5477; x_wconf 88' lang='lat' dir='ltr'>sunt</span> <span class='ocrx_word' id='word_1_734' title='bbox 3415 5413 3547 5478; x_wconf 93' lang='lat' dir='ltr'>ista</span> <span class='ocrx_word' id='word_1_735' title='bbox 3588 5415 3980 5498; x_wconf 85' lang='lat' dir='ltr'>accipienda</span> <span class='ocrx_word' id='word_1_736' title='bbox 4023 5415 4289 5481; x_wconf 88' lang='lat' dir='ltr'>horride</span> <span class='ocrx_word' id='word_1_737' title='bbox 4326 5412 4437 5482; x_wconf 82' lang='lat' dir='ltr'>vel</span> <span class='ocrx_word' id='word_1_738' title='bbox 4464 5414 4724 5481; x_wconf 85' lang='lat' dir='ltr'>Stoice:</span> <span class='ocrx_word' id='word_1_739' title='bbox 4766 5414 4989 5483; x_wconf 87' lang='lat' dir='ltr'>Nemo</span> 
     </span>
     <span class='ocr_line' id='line_1_71' title="bbox 939 5497 4989 5588; baseline -0 -16"><span class='ocrx_word' id='word_1_740' title='bbox 939 5505 1160 5572; x_wconf 87' lang='lat' dir='ltr'>discat</span> <span class='ocrx_word' id='word_1_741' title='bbox 1203 5502 1599 5582; x_wconf 86' lang='lat' dir='ltr'>doctrinam,</span> <span class='ocrx_word' id='word_1_742' title='bbox 1642 5512 1713 5566; x_wconf 94' lang='lat' dir='ltr'>et</span> <span class='ocrx_word' id='word_1_743' title='bbox 1751 5511 1993 5588; x_wconf 83' lang='lat' dir='ltr'>postea</span> <span class='ocrx_word' id='word_1_744' title='bbox 2037 5500 2277 5566; x_wconf 86' lang='lat' dir='ltr'>doceat</span> <span class='ocrx_word' id='word_1_745' title='bbox 2321 5499 2516 5581; x_wconf 86' lang='lat' dir='ltr'>alios,</span> <span class='ocrx_word' id='word_1_746' title='bbox 2559 5513 2627 5568; x_wconf 91' lang='lat' dir='ltr'>et</span> <span class='ocrx_word' id='word_1_747' title='bbox 2669 5503 2910 5569; x_wconf 89' lang='lat' dir='ltr'>retine-</span> <span class='ocrx_word' id='word_1_748' title='bbox 3014 5510 3145 5577; x_wconf 86' lang='lat' dir='ltr'>est,</span> <span class='ocrx_word' id='word_1_749' title='bbox 3190 5497 3304 5585; x_wconf 90' lang='lat' dir='ltr'>qui</span> <span class='ocrx_word' id='word_1_750' title='bbox 3346 5517 3482 5563; x_wconf 87' lang='lat' dir='ltr'>non</span> <span class='ocrx_word' id='word_1_751' title='bbox 3524 5500 3750 5565; x_wconf 87' lang='lat' dir='ltr'>timeat</span> <span class='ocrx_word' id='word_1_752' title='bbox 3793 5511 4096 5581; x_wconf 87' lang='lat' dir='ltr'>mortem,</span> <span class='ocrx_word' id='word_1_753' title='bbox 4142 5505 4256 5587; x_wconf 85' lang='lat' dir='ltr'>qui</span> <span class='ocrx_word' id='word_1_754' title='bbox 4296 5523 4433 5568; x_wconf 91' lang='lat' dir='ltr'>non</span> <span class='ocrx_word' id='word_1_755' title='bbox 4477 5504 4564 5567; x_wconf 90' lang='lat' dir='ltr'>sit</span> <span class='ocrx_word' id='word_1_756' title='bbox 4607 5498 4989 5581; x_wconf 64' lang='lat' dir='ltr'>sollicitusz</span> 
     </span>
     <span class='ocr_line' id='line_1_72' title="bbox 938 5582 4989 5679; baseline -0 -22"><span class='ocrx_word' id='word_1_757' title='bbox 938 5603 1011 5658; x_wconf 88' lang='lat' dir='ltr'>at</span> <span class='ocrx_word' id='word_1_758' title='bbox 1063 5590 1415 5679; x_wconf 87' lang='lat' dir='ltr'>puritatem</span> <span class='ocrx_word' id='word_1_759' title='bbox 1481 5588 1848 5655; x_wconf 84' lang='lat' dir='ltr'>doctrinae.</span> <span class='ocrx_word' id='word_1_760' title='bbox 1936 5584 2407 5655; x_wconf 82' lang='lat' dir='ltr'>Scholasticus</span> <span class='ocrx_word' id='word_1_761' title='bbox 2463 5600 2745 5675; x_wconf 89' lang='lat' dir='ltr'>quaerat</span> <span class='ocrx_word' id='word_1_762' title='bbox 2805 5608 2910 5655; x_wconf 89' lang='lat' dir='ltr'>re·</span> <span class='ocrx_word' id='word_1_763' title='bbox 3015 5587 3139 5653; x_wconf 81' lang='lat' dir='ltr'>sed</span> <span class='ocrx_word' id='word_1_764' title='bbox 3180 5584 3315 5651; x_wconf 85' lang='lat' dir='ltr'>hoe</span> <span class='ocrx_word' id='word_1_765' title='bbox 3359 5582 3500 5652; x_wconf 87' lang='lat' dir='ltr'>vult</span> <span class='ocrx_word' id='word_1_766' title='bbox 3542 5584 3792 5654; x_wconf 81' lang='lat' dir='ltr'>dicere:</span> <span class='ocrx_word' id='word_1_767' title='bbox 3835 5586 3990 5654; x_wconf 87' lang='lat' dir='ltr'>Non</span> <span class='ocrx_word' id='word_1_768' title='bbox 4032 5588 4259 5656; x_wconf 82' lang='lat' dir='ltr'>vincat</span> <span class='ocrx_word' id='word_1_769' title='bbox 4296 5587 4706 5671; x_wconf 84' lang='lat' dir='ltr'>sollicitudo,</span> <span class='ocrx_word' id='word_1_770' title='bbox 4750 5601 4827 5654; x_wconf 90' lang='lat' dir='ltr'>ut</span> <span class='ocrx_word' id='word_1_771' title='bbox 4870 5591 4989 5656; x_wconf 86' lang='lat' dir='ltr'>de-</span> 
     </span>
    </p>
   </div>
   <div class='ocr_carea' id='block_1_16' title="bbox 2951 5212 2969 5657">
    <p class='ocr_par' dir='ltr' id='par_1_17' title="bbox 2951 5212 2969 5657">
     <span class='ocr_line' id='line_1_73' title="bbox 2951 5212 2969 5657; baseline 0 1052"><span class='ocrx_word' id='word_1_772' title='bbox 2951 5212 2969 5657; x_wconf 95' lang='lat' dir='ltr'> </span> 
     </span>
    </p>
   </div>
  </div>
 </body>
</html>
