<?xml version="1.0" encoding="UTF-8"?>
<!DOCTYPE html PUBLIC "-//W3C//DTD XHTML 1.0 Transitional//EN"
    "http://www.w3.org/TR/xhtml1/DTD/xhtml1-transitional.dtd">
<html xmlns="http://www.w3.org/1999/xhtml" xml:lang="en" lang="en">
 <head>
  <title>
</title>
<meta http-equiv="Content-Type" content="text/html;charset=utf-8" />
  <meta name='ocr-system' content='tesseract 3.04.00' />
  <meta name='ocr-capabilities' content='ocr_page ocr_carea ocr_par ocr_line ocrx_word'/>
</head>
<body>
  <div class='ocr_page' id='page_1' title='image "./philippimelanth06melagoog/philippimelanth06melagoog_0174.png"; bbox 0 0 5934 6709; ppageno 0'>
   <div class='ocr_carea' id='block_1_1' title="bbox 470 672 2494 749">
    <p class='ocr_par' dir='ltr' id='par_1_1' title="bbox 470 672 2494 783">
     <span class='ocr_line' id='line_1_1' title="bbox 470 672 2494 749; baseline 0.003 -10"><span class='ocrx_word' id='word_1_1' title='bbox 470 680 536 749; x_wconf 74' lang='lat'>327</span> <span class='ocrx_word' id='word_1_2' title='bbox 1137 674 1247 744; x_wconf 84' lang='lat' dir='ltr'>Plllh.</span> <span class='ocrx_word' id='word_1_3' title='bbox 1274 672 1376 744; x_wconf 74' lang='lat' dir='ltr'>stat.</span> <span class='ocrx_word' id='word_1_4' title='bbox 1397 673 1585 743; x_wconf 76' lang='lat' dir='ltr'>SCRIPTA</span> <span class='ocrx_word' id='word_1_5' title='bbox 1606 672 1871 743; x_wconf 78' lang='lat' dir='ltr'><strong>EXEGE&#39;l&#39;lGA.</strong></span> <span class='ocrx_word' id='word_1_6' title='bbox 2426 672 2494 745; x_wconf 71' lang='lat'>³28</span> 
     </span>
    </p>
   </div>
   <div class='ocr_carea' id='block_1_2' title="bbox 470 860 2496 1218">
    <p class='ocr_par' dir='ltr' id='par_1_2' title="bbox 470 860 2496 1218">
     <span class='ocr_line' id='line_1_2' title="bbox 560 860 2494 954; baseline -0.004 -17"><span class='ocrx_word' id='word_1_7' title='bbox 560 872 650 937; x_wconf 88' lang='lat' dir='ltr'>llaec</span> <span class='ocrx_word' id='word_1_8' title='bbox 682 867 805 935; x_wconf 89' lang='lat' dir='ltr'>delicta</span> <span class='ocrx_word' id='word_1_9' title='bbox 838 881 975 933; x_wconf 83' lang='lat' dir='ltr'>externa</span> <span class='ocrx_word' id='word_1_10' title='bbox 1008 867 1189 954; x_wconf 88' lang='lat' dir='ltr'>puniuntur</span> <span class='ocrx_word' id='word_1_11' title='bbox 1221 866 1255 930; x_wconf 94' lang='lat' dir='ltr'>ln</span> <span class='ocrx_word' id='word_1_12' title='bbox 1289 863 1355 930; x_wconf 92' lang='lat' dir='ltr'>hac</span> <span class='ocrx_word' id='word_1_13' title='bbox 1375 866 1457 944; x_wconf 85' lang='lat' dir='ltr'>vita,</span> <span class='ocrx_word' id='word_1_14' title='bbox 1480 892 1484 945; x_wconf 71' lang='grc' dir='ltr'><strong><em>ς</em></strong></span> <span class='ocrx_word' id='word_1_15' title='bbox 1508 864 1603 950; x_wconf 91' lang='lat' dir='ltr'>ponit</span> <span class='ocrx_word' id='word_1_16' title='bbox 1634 865 1791 951; x_wconf 57' lang='lat' dir='ltr'>modum,</span> <span class='ocrx_word' id='word_1_17' title='bbox 1825 884 1924 952; x_wconf 88' lang='lat' dir='ltr'>quem</span> <span class='ocrx_word' id='word_1_18' title='bbox 1956 866 2103 931; x_wconf 77' lang='lat' dir='ltr'><strong>ostendit</strong></span> <span class='ocrx_word' id='word_1_19' title='bbox 2136 886 2204 933; x_wconf 92' lang='lat' dir='ltr'>non</span> <span class='ocrx_word' id='word_1_20' title='bbox 2237 884 2314 932; x_wconf 84' lang='lat' dir='ltr'>essa</span> <span class='ocrx_word' id='word_1_21' title='bbox 2347 868 2381 933; x_wconf 92' lang='lat' dir='ltr'>ln</span> <span class='ocrx_word' id='word_1_22' title='bbox 2412 860 2494 948; x_wconf 78' lang='lat' dir='ltr'>illia,</span> 
     </span>
     <span class='ocr_line' id='line_1_3' title="bbox 470 947 2496 1046; baseline -0.004 -21"><span class='ocrx_word' id='word_1_23' title='bbox 470 958 555 1025; x_wconf 89' lang='lat' dir='ltr'>alias</span> <span class='ocrx_word' id='word_1_24' title='bbox 590 956 717 1046; x_wconf 83' lang='lat' dir='ltr'>magis,</span> <span class='ocrx_word' id='word_1_25' title='bbox 751 953 837 1021; x_wconf 92' lang='lat' dir='ltr'>alias</span> <span class='ocrx_word' id='word_1_26' title='bbox 870 956 987 1021; x_wconf 88' lang='lat' dir='ltr'>ininus.</span> <span class='ocrx_word' id='word_1_27' title='bbox 1042 950 1139 1019; x_wconf 79' lang='lat' dir='ltr'>Deus</span> <span class='ocrx_word' id='word_1_28' title='bbox 1171 952 1298 1039; x_wconf 84' lang='lat' dir='ltr'>mitigat</span> <span class='ocrx_word' id='word_1_29' title='bbox 1330 970 1457 1035; x_wconf 88' lang='lat' dir='ltr'>poenas</span> <span class='ocrx_word' id='word_1_30' title='bbox 1480 968 1483 1023; x_wconf 84' lang='grc' dir='ltr'>ι</span> <span class='ocrx_word' id='word_1_31' title='bbox 1508 951 1563 1037; x_wconf 90' lang='lat' dir='ltr'>qui</span> <span class='ocrx_word' id='word_1_32' title='bbox 1586 963 1666 1015; x_wconf 86' lang='lat' dir='ltr'>sunt</span> <span class='ocrx_word' id='word_1_33' title='bbox 1687 954 1806 1016; x_wconf 86' lang='lat' dir='ltr'>saneti.</span> <span class='ocrx_word' id='word_1_34' title='bbox 1851 949 1913 1015; x_wconf 90' lang='lat' dir='ltr'>Est</span> <span class='ocrx_word' id='word_1_35' title='bbox 1933 947 2157 1037; x_wconf 85' lang='lat' dir='ltr'>impossibile,</span> <span class='ocrx_word' id='word_1_36' title='bbox 2184 970 2263 1018; x_wconf 86' lang='lat' dir='ltr'>esso</span> <span class='ocrx_word' id='word_1_37' title='bbox 2291 968 2496 1023; x_wconf 83' lang='lat' dir='ltr'>conversum</span> 
     </span>
     <span class='ocr_line' id='line_1_4' title="bbox 472 1030 2495 1130; baseline -0.003 -18"><span class='ocrx_word' id='word_1_38' title='bbox 472 1043 656 1130; x_wconf 78' lang='lat' dir='ltr'><strong>aliquibus,</strong></span> <span class='ocrx_word' id='word_1_39' title='bbox 684 1042 739 1129; x_wconf 91' lang='lat' dir='ltr'>qui</span> <span class='ocrx_word' id='word_1_40' title='bbox 762 1050 1017 1117; x_wconf 80' lang='lat' dir='ltr'>convertuntur3</span> <span class='ocrx_word' id='word_1_41' title='bbox 1049 1039 1143 1125; x_wconf 86' lang='lat' dir='ltr'>quia,</span> <span class='ocrx_word' id='word_1_42' title='bbox 1175 1038 1204 1103; x_wconf 88' lang='lat' dir='ltr'>si</span> <span class='ocrx_word' id='word_1_43' title='bbox 1236 1030 1483 1122; x_wconf 68' lang='lat' dir='ltr'>exequeretur*</span> <span class='ocrx_word' id='word_1_44' title='bbox 1507 1033 1699 1121; x_wconf 84' lang='lat' dir='ltr'>etplacere</span> <span class='ocrx_word' id='word_1_45' title='bbox 1724 1036 1822 1111; x_wconf 84' lang='lat' dir='ltr'>Deo,</span> <span class='ocrx_word' id='word_1_46' title='bbox 1860 1038 2060 1106; x_wconf 82' lang='lat' dir='ltr'>retinentem</span> <span class='ocrx_word' id='word_1_47' title='bbox 2090 1049 2232 1122; x_wconf 85' lang='lat' dir='ltr'>peecata</span> <span class='ocrx_word' id='word_1_48' title='bbox 2264 1050 2381 1105; x_wconf 69' lang='lat' dir='ltr'>conns</span> <span class='ocrx_word' id='word_1_49' title='bbox 2412 1056 2495 1107; x_wconf 64' lang='lat' dir='ltr'>eon</span> 
     </span>
     <span class='ocr_line' id='line_1_5' title="bbox 473 1103 1690 1218; baseline -0.007 -22"><span class='ocrx_word' id='word_1_50' title='bbox 473 1133 618 1218; x_wconf 82' lang='lat' dir='ltr'>rigorem</span> <span class='ocrx_word' id='word_1_51' title='bbox 641 1128 784 1196; x_wconf 85' lang='lat' dir='ltr'>iustitiae</span> <span class='ocrx_word' id='word_1_52' title='bbox 806 1146 908 1205; x_wconf 88' lang='lat' dir='ltr'>suae,</span> <span class='ocrx_word' id='word_1_53' title='bbox 942 1137 1061 1192; x_wconf 85' lang='lat' dir='ltr'>natura</span> <span class='ocrx_word' id='word_1_54' title='bbox 1094 1123 1204 1191; x_wconf 91' lang='lat' dir='ltr'>subito</span> <span class='ocrx_word' id='word_1_55' title='bbox 1227 1123 1358 1210; x_wconf 87' lang='lat' dir='ltr'>periret.</span> <span class='ocrx_word' id='word_1_56' title='bbox 1413 1119 1457 1188; x_wconf 86' lang='lat' dir='ltr'>Et</span> <span class='ocrx_word' id='word_1_57' title='bbox 1479 1103 1483 1173; x_wconf 78' lang='lat' dir='ltr'><strong>l</strong></span> <span class='ocrx_word' id='word_1_58' title='bbox 1507 1122 1690 1189; x_wconf 88' lang='lat' dir='ltr'>scientiam.</span> 
     </span>
    </p>
   </div>
   <div class='ocr_carea' id='block_1_3' title="bbox 471 1198 2496 1298">
    <p class='ocr_par' dir='ltr' id='par_1_3' title="bbox 471 1198 2496 1298">
     <span class='ocr_line' id='line_1_6' title="bbox 471 1198 2496 1298; baseline -0.001 -18"><span class='ocrx_word' id='word_1_59' title='bbox 471 1218 631 1282; x_wconf 82' lang='lat' dir='ltr'>debemus</span> <span class='ocrx_word' id='word_1_60' title='bbox 660 1215 765 1293; x_wconf 88' lang='lat' dir='ltr'>scire,</span> <span class='ocrx_word' id='word_1_61' title='bbox 804 1212 893 1298; x_wconf 87' lang='lat' dir='ltr'>qnod</span> <span class='ocrx_word' id='word_1_62' title='bbox 916 1210 1010 1277; x_wconf 87' lang='lat' dir='ltr'>Deus</span> <span class='ocrx_word' id='word_1_63' title='bbox 1043 1211 1116 1276; x_wconf 89' lang='lat' dir='ltr'>sine</span> <span class='ocrx_word' id='word_1_64' title='bbox 1148 1207 1216 1275; x_wconf 88' lang='lat' dir='ltr'>ulla</span> <span class='ocrx_word' id='word_1_65' title='bbox 1253 1198 1483 1274; x_wconf 66' lang='lat' dir='ltr'>dubitatione!</span> <span class='ocrx_word' id='word_1_66' title='bbox 1595 1208 1675 1273; x_wconf 89' lang='lat' dir='ltr'>ldeo</span> <span class='ocrx_word' id='word_1_67' title='bbox 1712 1227 1796 1274; x_wconf 64' lang='lat' dir='ltr'>ervo</span> <span class='ocrx_word' id='word_1_68' title='bbox 1833 1205 2008 1295; x_wconf 88' lang='lat' dir='ltr'>disciplina</span> <span class='ocrx_word' id='word_1_69' title='bbox 2047 1208 2169 1277; x_wconf 85' lang='lat' dir='ltr'>dicitnr</span> <span class='ocrx_word' id='word_1_70' title='bbox 2204 1209 2419 1297; x_wconf 77' lang='lat' dir='ltr'>paedagogia</span> <span class='ocrx_word' id='word_1_71' title='bbox 2450 1210 2496 1279; x_wconf 84' lang='lat' dir='ltr'>ad</span> 
     </span>
    </p>
   </div>
   <div class='ocr_carea' id='block_1_4' title="bbox 417 1260 2496 1386">
    <p class='ocr_par' dir='ltr' id='par_1_4' title="bbox 417 1260 2496 1386">
     <span class='ocr_line' id='line_1_7' title="bbox 417 1260 2496 1386; baseline -0.002 -16"><span class='ocrx_word' id='word_1_72' title='bbox 417 1326 426 1339; x_wconf 81' lang='grc'><strong><em>·</em></strong></span> <span class='ocrx_word' id='word_1_73' title='bbox 471 1300 552 1370; x_wconf 84' lang='lat' dir='ltr'>velit</span> <span class='ocrx_word' id='word_1_74' title='bbox 573 1300 737 1386; x_wconf 87' lang='lat' dir='ltr'>praestari</span> <span class='ocrx_word' id='word_1_75' title='bbox 759 1297 980 1383; x_wconf 77' lang='lat' dir='ltr'><strong>disciplinam,</strong></span> <span class='ocrx_word' id='word_1_76' title='bbox 996 1308 1034 1364; x_wconf 92' lang='lat' dir='ltr'>ut</span> <span class='ocrx_word' id='word_1_77' title='bbox 1055 1297 1199 1362; x_wconf 90' lang='lat' dir='ltr'>vitentur</span> <span class='ocrx_word' id='word_1_78' title='bbox 1219 1314 1359 1381; x_wconf 88' lang='lat' dir='ltr'>poenae.</span> <span class='ocrx_word' id='word_1_79' title='bbox 1397 1291 1456 1359; x_wconf 92' lang='lat' dir='ltr'>lob</span> <span class='ocrx_word' id='word_1_80' title='bbox 1479 1280 1483 1349; x_wconf 83' lang='lat' dir='ltr'><strong>l</strong></span> <span class='ocrx_word' id='word_1_81' title='bbox 1508 1291 1692 1373; x_wconf 81' lang='lat' dir='ltr'>Christum,</span> <span class='ocrx_word' id='word_1_82' title='bbox 1714 1260 1854 1361; x_wconf 70' lang='lat' dir='ltr'>ethaeo</span> <span class='ocrx_word' id='word_1_83' title='bbox 1876 1296 2087 1382; x_wconf 81' lang='lat' dir='ltr'>paedagogia</span> <span class='ocrx_word' id='word_1_84' title='bbox 2113 1310 2166 1361; x_wconf 86' lang='lat' dir='ltr'>est</span> <span class='ocrx_word' id='word_1_85' title='bbox 2187 1291 2284 1374; x_wconf 88' lang='lat' dir='ltr'>talis,</span> <span class='ocrx_word' id='word_1_86' title='bbox 2317 1306 2354 1363; x_wconf 86' lang='lat' dir='ltr'>ut</span> <span class='ocrx_word' id='word_1_87' title='bbox 2385 1298 2496 1381; x_wconf 81' lang='lat' dir='ltr'>possit</span> 
     </span>
    </p>
   </div>
   <div class='ocr_carea' id='block_1_5' title="bbox 380 1354 2508 2668">
    <p class='ocr_par' dir='ltr' id='par_1_5' title="bbox 469 1354 2496 1725">
     <span class='ocr_line' id='line_1_8' title="bbox 471 1354 2496 1475; baseline -0.002 -20"><span class='ocrx_word' id='word_1_88' title='bbox 471 1388 591 1475; x_wconf 86' lang='lat' dir='ltr'>inquit:</span> <span class='ocrx_word' id='word_1_89' title='bbox 622 1388 759 1454; x_wconf 80' lang='lat' dir='ltr'>Verebar</span> <span class='ocrx_word' id='word_1_90' title='bbox 776 1392 884 1452; x_wconf 80' lang='lat' dir='ltr'>omnia</span> <span class='ocrx_word' id='word_1_91' title='bbox 911 1403 1013 1468; x_wconf 82' lang='lat' dir='ltr'>opero</span> <span class='ocrx_word' id='word_1_92' title='bbox 1032 1402 1115 1466; x_wconf 88' lang='lat' dir='ltr'>mea,</span> <span class='ocrx_word' id='word_1_93' title='bbox 1142 1389 1260 1461; x_wconf 67' lang='lat' dir='ltr'>comte,</span> <span class='ocrx_word' id='word_1_94' title='bbox 1287 1384 1373 1464; x_wconf 71' lang='lat' dir='ltr'>meod</span> <span class='ocrx_word' id='word_1_95' title='bbox 1393 1400 1457 1447; x_wconf 83' lang='lat' dir='ltr'>aon</span> <span class='ocrx_word' id='word_1_96' title='bbox 1479 1354 1484 1457; x_wconf 70' lang='lat' dir='ltr'><strong>l</strong></span> <span class='ocrx_word' id='word_1_97' title='bbox 1507 1377 1619 1465; x_wconf 88' lang='lat' dir='ltr'>aliquo</span> <span class='ocrx_word' id='word_1_98' title='bbox 1652 1380 1753 1446; x_wconf 90' lang='lat' dir='ltr'>modo</span> <span class='ocrx_word' id='word_1_99' title='bbox 1785 1377 1890 1454; x_wconf 87' lang='lat' dir='ltr'>ellici,</span> <span class='ocrx_word' id='word_1_100' title='bbox 1924 1402 2124 1467; x_wconf 88' lang='lat' dir='ltr'>quamquam</span> <span class='ocrx_word' id='word_1_101' title='bbox 2151 1378 2318 1447; x_wconf 87' lang='lat' dir='ltr'>Diabolus</span> <span class='ocrx_word' id='word_1_102' title='bbox 2351 1381 2496 1451; x_wconf 89' lang='lat' dir='ltr'>horrlhl·</span> 
     </span>
     <span class='ocr_line' id='line_1_9' title="bbox 469 1462 2496 1560; baseline -0.002 -18"><span class='ocrx_word' id='word_1_103' title='bbox 469 1480 583 1560; x_wconf 81' lang='lat' dir='ltr'>pareis</span> <span class='ocrx_word' id='word_1_104' title='bbox 615 1476 820 1554; x_wconf 79' lang='lat' dir='ltr'>delinquenti.</span> <span class='ocrx_word' id='word_1_105' title='bbox 875 1468 969 1535; x_wconf 91' lang='lat' dir='ltr'>Deus</span> <span class='ocrx_word' id='word_1_106' title='bbox 1002 1470 1100 1537; x_wconf 88' lang='lat' dir='ltr'>etiam</span> <span class='ocrx_word' id='word_1_107' title='bbox 1133 1468 1167 1534; x_wconf 93' lang='lat' dir='ltr'>in</span> <span class='ocrx_word' id='word_1_108' title='bbox 1200 1465 1364 1555; x_wconf 82' lang='lat' dir='ltr'>Ecclesia</span> <span class='ocrx_word' id='word_1_109' title='bbox 1390 1486 1457 1531; x_wconf 93' lang='lat' dir='ltr'>non</span> <span class='ocrx_word' id='word_1_110' title='bbox 1481 1482 1484 1507; x_wconf 84' lang='lat'><strong>¹</strong></span> <span class='ocrx_word' id='word_1_111' title='bbox 1506 1462 1582 1530; x_wconf 88' lang='lat' dir='ltr'>liter</span> <span class='ocrx_word' id='word_1_112' title='bbox 1603 1466 1749 1552; x_wconf 89' lang='lat' dir='ltr'>impedit,</span> <span class='ocrx_word' id='word_1_113' title='bbox 1784 1476 1819 1533; x_wconf 91' lang='lat' dir='ltr'>et</span> <span class='ocrx_word' id='word_1_114' title='bbox 1839 1464 1984 1534; x_wconf 88' lang='lat' dir='ltr'>humana</span> <span class='ocrx_word' id='word_1_115' title='bbox 2006 1466 2178 1533; x_wconf 89' lang='lat' dir='ltr'>infirmitas</span> <span class='ocrx_word' id='word_1_116' title='bbox 2200 1463 2298 1548; x_wconf 81' lang='lat' dir='ltr'>lacit,</span> <span class='ocrx_word' id='word_1_117' title='bbox 2330 1478 2367 1535; x_wconf 92' lang='lat' dir='ltr'>ut</span> <span class='ocrx_word' id='word_1_118' title='bbox 2387 1466 2496 1537; x_wconf 83' lang='lat' dir='ltr'>huml-</span> 
     </span>
     <span class='ocr_line' id='line_1_10' title="bbox 495 1552 2496 1644; baseline -0.001 -19"><span class='ocrx_word' id='word_1_119' title='bbox 495 1560 579 1625; x_wconf 89' lang='lat' dir='ltr'>arcit</span> <span class='ocrx_word' id='word_1_120' title='bbox 608 1556 810 1625; x_wconf 80' lang='lat' dir='ltr'>violantibus</span> <span class='ocrx_word' id='word_1_121' title='bbox 846 1553 1078 1644; x_wconf 87' lang='lat' dir='ltr'>disciplinam,</span> <span class='ocrx_word' id='word_1_122' title='bbox 1109 1554 1198 1620; x_wconf 88' lang='lat' dir='ltr'>sicut</span> <span class='ocrx_word' id='word_1_123' title='bbox 1219 1574 1287 1620; x_wconf 94' lang='lat' dir='ltr'>non</span> <span class='ocrx_word' id='word_1_124' title='bbox 1308 1555 1457 1639; x_wconf 81' lang='lat' dir='ltr'>pepercit</span> <span class='ocrx_word' id='word_1_125' title='bbox 1479 1560 1484 1629; x_wconf 78' lang='grc'>1</span> <span class='ocrx_word' id='word_1_126' title='bbox 1509 1570 1571 1617; x_wconf 89' lang='lat' dir='ltr'>nes</span> <span class='ocrx_word' id='word_1_127' title='bbox 1593 1552 1661 1617; x_wconf 91' lang='lat' dir='ltr'>sint</span> <span class='ocrx_word' id='word_1_128' title='bbox 1693 1571 1833 1640; x_wconf 82' lang='lat' dir='ltr'>segnes,</span> <span class='ocrx_word' id='word_1_129' title='bbox 1865 1561 1903 1618; x_wconf 90' lang='lat' dir='ltr'>ut</span> <span class='ocrx_word' id='word_1_130' title='bbox 1934 1572 2001 1619; x_wconf 91' lang='lat' dir='ltr'>non</span> <span class='ocrx_word' id='word_1_131' title='bbox 2028 1554 2219 1619; x_wconf 78' lang='lat' dir='ltr'>annituntur</span> <span class='ocrx_word' id='word_1_132' title='bbox 2251 1563 2285 1620; x_wconf 90' lang='lat' dir='ltr'>et</span> <span class='ocrx_word' id='word_1_133' title='bbox 2318 1566 2496 1639; x_wconf 87' lang='lat' dir='ltr'>conentur,</span> 
     </span>
     <span class='ocr_line' id='line_1_11' title="bbox 471 1582 2495 1725; baseline -0.001 -13"><span class='ocrx_word' id='word_1_134' title='bbox 471 1582 602 1712; x_wconf 74' lang='lat' dir='ltr'>hunni.</span> <span class='ocrx_word' id='word_1_135' title='bbox 1508 1636 1564 1703; x_wconf 92' lang='lat' dir='ltr'>alii</span> <span class='ocrx_word' id='word_1_136' title='bbox 1597 1636 1672 1703; x_wconf 89' lang='lat' dir='ltr'>aliis</span> <span class='ocrx_word' id='word_1_137' title='bbox 1704 1649 1784 1704; x_wconf 89' lang='lat' dir='ltr'>sunt</span> <span class='ocrx_word' id='word_1_138' title='bbox 1811 1640 1987 1725; x_wconf 79' lang='lat' dir='ltr'>segniores</span> <span class='ocrx_word' id='word_1_139' title='bbox 2021 1640 2121 1707; x_wconf 90' lang='lat' dir='ltr'>etiam</span> <span class='ocrx_word' id='word_1_140' title='bbox 2152 1650 2284 1706; x_wconf 88' lang='lat' dir='ltr'>natura.</span> <span class='ocrx_word' id='word_1_141' title='bbox 2344 1638 2425 1707; x_wconf 88' lang='lat' dir='ltr'>ldeo</span> <span class='ocrx_word' id='word_1_142' title='bbox 2457 1642 2495 1709; x_wconf 88' lang='lat' dir='ltr'>in</span> 
     </span>
    </p>

    <p class='ocr_par' dir='ltr' id='par_1_6' title="bbox 380 1720 2508 2668">
     <span class='ocr_line' id='line_1_12' title="bbox 557 1720 2496 1811; baseline 0 -16"><span class='ocrx_word' id='word_1_143' title='bbox 557 1731 611 1795; x_wconf 94' lang='lat' dir='ltr'><strong>lll.</strong></span> <span class='ocrx_word' id='word_1_144' title='bbox 636 1728 701 1794; x_wconf 88' lang='lat' dir='ltr'>Pro</span> <span class='ocrx_word' id='word_1_145' title='bbox 725 1737 777 1793; x_wconf 91' lang='lat' dir='ltr'>ter</span> <span class='ocrx_word' id='word_1_146' title='bbox 797 1725 883 1794; x_wconf 86' lang='lat' dir='ltr'>alios</span> <span class='ocrx_word' id='word_1_147' title='bbox 905 1725 1077 1806; x_wconf 89' lang='lat' dir='ltr'>homines,</span> <span class='ocrx_word' id='word_1_148' title='bbox 1114 1726 1187 1791; x_wconf 88' lang='lat' dir='ltr'>sive</span> <span class='ocrx_word' id='word_1_149' title='bbox 1213 1736 1350 1811; x_wconf 84' lang='lat' dir='ltr'>propter</span> <span class='ocrx_word' id='word_1_150' title='bbox 1376 1720 1457 1789; x_wconf 91' lang='lat' dir='ltr'>alio·</span> <span class='ocrx_word' id='word_1_151' title='bbox 1509 1722 1686 1811; x_wconf 87' lang='lat' dir='ltr'>disciplina</span> <span class='ocrx_word' id='word_1_152' title='bbox 1707 1725 1805 1791; x_wconf 89' lang='lat' dir='ltr'>etiam</span> <span class='ocrx_word' id='word_1_153' title='bbox 1827 1725 1926 1811; x_wconf 89' lang='lat' dir='ltr'>pauci</span> <span class='ocrx_word' id='word_1_154' title='bbox 1947 1736 2026 1791; x_wconf 88' lang='lat' dir='ltr'>sunt</span> <span class='ocrx_word' id='word_1_155' title='bbox 2047 1722 2217 1811; x_wconf 87' lang='lat' dir='ltr'>inculpati,</span> <span class='ocrx_word' id='word_1_156' title='bbox 2246 1725 2352 1792; x_wconf 87' lang='lat' dir='ltr'>atita</span> <span class='ocrx_word' id='word_1_157' title='bbox 2372 1728 2496 1795; x_wconf 75' lang='lat' dir='ltr'>orcam.</span> 
     </span>
     <span class='ocr_line' id='line_1_13' title="bbox 471 1808 2508 1961; baseline -0.001 -77"><span class='ocrx_word' id='word_1_158' title='bbox 471 1838 542 1884; x_wconf 89' lang='lat' dir='ltr'>rum</span> <span class='ocrx_word' id='word_1_159' title='bbox 565 1817 695 1901; x_wconf 85' lang='lat' dir='ltr'>tranqu‘</span> <span class='ocrx_word' id='word_1_160' title='bbox 723 1815 854 1890; x_wconf 80' lang='lat' dir='ltr'>itatem3</span> <span class='ocrx_word' id='word_1_161' title='bbox 886 1813 963 1900; x_wconf 90' lang='lat' dir='ltr'>quia</span> <span class='ocrx_word' id='word_1_162' title='bbox 981 1812 1148 1879; x_wconf 90' lang='lat' dir='ltr'>nascimur</span> <span class='ocrx_word' id='word_1_163' title='bbox 1178 1831 1244 1877; x_wconf 92' lang='lat' dir='ltr'>non</span> <span class='ocrx_word' id='word_1_164' title='bbox 1267 1810 1364 1913; x_wconf 73' lang='lat' dir='ltr'>nobis</span> <span class='ocrx_word' id='word_1_165' title='bbox 1386 1819 1457 1874; x_wconf 91' lang='lat' dir='ltr'>tan·</span> <span class='ocrx_word' id='word_1_166' title='bbox 1507 1808 1601 1875; x_wconf 87' lang='lat' dir='ltr'>llaec</span> <span class='ocrx_word' id='word_1_167' title='bbox 1629 1811 1752 1876; x_wconf 92' lang='lat' dir='ltr'>debent</span> <span class='ocrx_word' id='word_1_168' title='bbox 1772 1809 2290 1961; x_wconf 56' lang='lat' dir='ltr'>J⁵⁸⁰³¹ifi²l⁸19¹¹¹m¹u⁰⁸ffi⁸’</span> <span class='ocrx_word' id='word_1_169' title='bbox 2320 1822 2357 1879; x_wconf 88' lang='lat' dir='ltr'>ut</span> <span class='ocrx_word' id='word_1_170' title='bbox 2377 1812 2508 1881; x_wconf 81' lang='lat' dir='ltr'>sciatis·</span> 
     </span>
     <span class='ocr_line' id='line_1_14' title="bbox 471 1897 2498 2073; baseline -0.001 -17"><span class='ocrx_word' id='word_1_171' title='bbox 471 1900 693 2068; x_wconf 61' lang='lat' dir='ltr'>indit</span> <span class='ocrx_word' id='word_1_172' title='bbox 714 1899 788 2053; x_wconf 70' lang='lat' dir='ltr'>ill</span> <span class='ocrx_word' id='word_1_173' title='bbox 808 1919 974 2053; x_wconf 62' lang='lat' dir='ltr'>‘tituli‘</span> <span class='ocrx_word' id='word_1_174' title='bbox 991 1898 1196 2069; x_wconf 52' lang='lat' dir='ltr'>ciliis</span> <span class='ocrx_word' id='word_1_175' title='bbox 1226 1907 1458 2068; x_wconf 57' lang='lat' dir='ltr'>tigillis</span> <span class='ocrx_word' id='word_1_176' title='bbox 1508 1897 2498 2073; x_wconf 38' lang='lat' dir='ltr'>sititet&amp;utmultttltialtffitt,m</span> 
     </span>
     <span class='ocr_line' id='line_1_15' title="bbox 471 2065 2495 2224; baseline -0.001 -82"><span class='ocrx_word' id='word_1_177' title='bbox 471 2093 607 2224; x_wconf 67' lang='lat' dir='ltr'>quotpue</span> <span class='ocrx_word' id='word_1_178' title='bbox 630 2074 730 2140; x_wconf 87' lang='lat' dir='ltr'>vitam</span> <span class='ocrx_word' id='word_1_179' title='bbox 751 2073 929 2137; x_wconf 88' lang='lat' dir='ltr'>honestam</span> <span class='ocrx_word' id='word_1_180' title='bbox 952 2081 986 2176; x_wconf 72' lang='lat' dir='ltr'>et</span> <span class='ocrx_word' id='word_1_181' title='bbox 1008 2065 1217 2222; x_wconf 52' lang='lat' dir='ltr'>trangrpillaur</span> <span class='ocrx_word' id='word_1_182' title='bbox 1238 2086 1359 2217; x_wconf 41' lang='lat' dir='ltr'>ager&amp;</span> <span class='ocrx_word' id='word_1_183' title='bbox 1509 2066 1830 2219; x_wconf 54' lang='lat' dir='ltr'>giasadsshrlstum:</span> <span class='ocrx_word' id='word_1_184' title='bbox 1852 2069 1885 2134; x_wconf 90' lang='lat' dir='ltr'>id</span> <span class='ocrx_word' id='word_1_185' title='bbox 1908 2081 1974 2174; x_wconf 72' lang='lat' dir='ltr'>est,</span> <span class='ocrx_word' id='word_1_186' title='bbox 1992 2080 2033 2220; x_wconf 70' lang='lat' dir='ltr'>pfit</span> <span class='ocrx_word' id='word_1_187' title='bbox 2053 2067 2205 2136; x_wconf 89' lang='lat' dir='ltr'>homines</span> <span class='ocrx_word' id='word_1_188' title='bbox 2222 2071 2338 2195; x_wconf 70' lang='lat' dir='ltr'>doceri</span> <span class='ocrx_word' id='word_1_189' title='bbox 2349 2073 2495 2157; x_wconf 83' lang='lat' dir='ltr'>possint,</span> 
     </span>
     <span class='ocr_line' id='line_1_16' title="bbox 471 2156 2498 2330; baseline -0.001 -15"><span class='ocrx_word' id='word_1_190' title='bbox 471 2253 533 2315; x_wconf 79' lang='lat' dir='ltr'>dos</span> <span class='ocrx_word' id='word_1_191' title='bbox 551 2158 699 2330; x_wconf 55' lang='lat' dir='ltr'>odernedttdt</span> <span class='ocrx_word' id='word_1_192' title='bbox 722 2159 1460 2328; x_wconf 40' lang='lat' dir='ltr'>sEitsthhemdhhffilrdrhnmissihhitdnpleocatoh‘urh‘l</span> <span class='ocrx_word' id='word_1_193' title='bbox 1509 2164 1559 2307; x_wconf 58' lang='lat' dir='ltr'>{h</span> <span class='ocrx_word' id='word_1_194' title='bbox 1581 2169 1704 2307; x_wconf 49' lang='lat' dir='ltr'>ghhd}</span> <span class='ocrx_word' id='word_1_195' title='bbox 1725 2165 1873 2322; x_wconf 51' lang='lat' dir='ltr'>ipaplpppp</span> <span class='ocrx_word' id='word_1_196' title='bbox 1882 2166 1940 2329; x_wconf 63' lang='lat' dir='ltr'>qsdd</span> <span class='ocrx_word' id='word_1_197' title='bbox 1962 2156 2405 2327; x_wconf 46' lang='lat' dir='ltr'>pharseffluxeridhtnhhndiladdis⁸</span> <span class='ocrx_word' id='word_1_198' title='bbox 2414 2176 2498 2313; x_wconf 55' lang='lat' dir='ltr'>odd:</span> 
     </span>
     <span class='ocr_line' id='line_1_17' title="bbox 473 2327 2498 2416; baseline 0 -17"><span class='ocrx_word' id='word_1_199' title='bbox 473 2333 577 2399; x_wconf 83' lang='lat' dir='ltr'>Estne</span> <span class='ocrx_word' id='word_1_200' title='bbox 599 2331 724 2399; x_wconf 88' lang='lat' dir='ltr'>iustitia</span> <span class='ocrx_word' id='word_1_201' title='bbox 745 2350 859 2395; x_wconf 88' lang='lat' dir='ltr'>coram</span> <span class='ocrx_word' id='word_1_202' title='bbox 876 2328 974 2398; x_wconf 79' lang='lat' dir='ltr'>Daoi</span> <span class='ocrx_word' id='word_1_203' title='bbox 1004 2329 1236 2416; x_wconf 74' lang='lat' dir='ltr'>Nequaquam</span> <span class='ocrx_word' id='word_1_204' title='bbox 1259 2327 1328 2392; x_wconf 90' lang='lat' dir='ltr'>lmo</span> <span class='ocrx_word' id='word_1_205' title='bbox 1350 2327 1457 2392; x_wconf 91' lang='lat' dir='ltr'>omnis</span> <span class='ocrx_word' id='word_1_206' title='bbox 1508 2337 1562 2393; x_wconf 90' lang='lat' dir='ltr'>tra</span> <span class='ocrx_word' id='word_1_207' title='bbox 1596 2327 1848 2393; x_wconf 87' lang='lat' dir='ltr'>conscientiam.</span> <span class='ocrx_word' id='word_1_208' title='bbox 1913 2327 2005 2393; x_wconf 87' lang='lat' dir='ltr'>llaec</span> <span class='ocrx_word' id='word_1_209' title='bbox 2039 2340 2091 2395; x_wconf 88' lang='lat' dir='ltr'>est</span> <span class='ocrx_word' id='word_1_210' title='bbox 2123 2341 2261 2395; x_wconf 83' lang='lat' dir='ltr'>aeterna</span> <span class='ocrx_word' id='word_1_211' title='bbox 2292 2338 2326 2394; x_wconf 86' lang='lat' dir='ltr'>et</span> <span class='ocrx_word' id='word_1_212' title='bbox 2358 2330 2498 2401; x_wconf 68' lang='lat' dir='ltr'>immota</span> 
     </span>
     <span class='ocr_line' id='line_1_18' title="bbox 473 2411 2497 2500; baseline 0 -14"><span class='ocrx_word' id='word_1_213' title='bbox 473 2430 667 2486; x_wconf 89' lang='lat' dir='ltr'>sanctorum</span> <span class='ocrx_word' id='word_1_214' title='bbox 688 2417 825 2493; x_wconf 89' lang='lat' dir='ltr'>iustitia,</span> <span class='ocrx_word' id='word_1_215' title='bbox 846 2427 883 2481; x_wconf 92' lang='lat' dir='ltr'>ut</span> <span class='ocrx_word' id='word_1_216' title='bbox 904 2413 1074 2495; x_wconf 78' lang='lat' dir='ltr'>Abrahae,</span> <span class='ocrx_word' id='word_1_217' title='bbox 1095 2414 1203 2493; x_wconf 88' lang='lat' dir='ltr'>isaac,</span> <span class='ocrx_word' id='word_1_218' title='bbox 1224 2412 1367 2500; x_wconf 82' lang='lat' dir='ltr'>hloysis,</span> <span class='ocrx_word' id='word_1_219' title='bbox 1388 2411 1457 2477; x_wconf 89' lang='lat' dir='ltr'>Da·</span> <span class='ocrx_word' id='word_1_220' title='bbox 1509 2414 1650 2479; x_wconf 84' lang='lat' dir='ltr'>veritas:</span> <span class='ocrx_word' id='word_1_221' title='bbox 1683 2417 1785 2481; x_wconf 72' lang='lat' dir='ltr'>locet</span> <span class='ocrx_word' id='word_1_222' title='bbox 1802 2416 1856 2482; x_wconf 79' lang='lat' dir='ltr'>dte</span> <span class='ocrx_word' id='word_1_223' title='bbox 1875 2417 2005 2481; x_wconf 78' lang='lat' dir='ltr'>attalem</span> <span class='ocrx_word' id='word_1_224' title='bbox 2024 2418 2197 2499; x_wconf 68' lang='lat' dir='ltr'>seirenes,</span> <span class='ocrx_word' id='word_1_225' title='bbox 2218 2420 2279 2483; x_wconf 84' lang='lat' dir='ltr'>tole</span> <span class='ocrx_word' id='word_1_226' title='bbox 2299 2420 2350 2483; x_wconf 80' lang='lat' dir='ltr'>ele</span> <span class='ocrx_word' id='word_1_227' title='bbox 2370 2418 2497 2487; x_wconf 65' lang='lat' dir='ltr'>omen</span> 
     </span>
     <span class='ocr_line' id='line_1_19' title="bbox 380 2498 2496 2588; baseline -0.001 -15"><span class='ocrx_word' id='word_1_228' title='bbox 380 2566 384 2573; x_wconf 90' lang='lat'><em>.</em></span> <span class='ocrx_word' id='word_1_229' title='bbox 473 2508 571 2584; x_wconf 84' lang='lat' dir='ltr'>vidis,</span> <span class='ocrx_word' id='word_1_230' title='bbox 592 2503 776 2588; x_wconf 84' lang='lat' dir='ltr'>Baptistae,</span> <span class='ocrx_word' id='word_1_231' title='bbox 796 2498 907 2581; x_wconf 85' lang='lat' dir='ltr'>Pauli,</span> <span class='ocrx_word' id='word_1_232' title='bbox 940 2498 1049 2588; x_wconf 89' lang='lat' dir='ltr'>qualis</span> <span class='ocrx_word' id='word_1_233' title='bbox 1071 2512 1124 2566; x_wconf 89' lang='lat' dir='ltr'>est</span> <span class='ocrx_word' id='word_1_234' title='bbox 1145 2499 1243 2567; x_wconf 84' lang='lat' dir='ltr'>etiam</span> <span class='ocrx_word' id='word_1_235' title='bbox 1264 2508 1342 2583; x_wconf 92' lang='lat' dir='ltr'>post</span> <span class='ocrx_word' id='word_1_236' title='bbox 1362 2517 1459 2583; x_wconf 77' lang='lat' dir='ltr'>rege·</span> <span class='ocrx_word' id='word_1_237' title='bbox 1594 2498 1664 2565; x_wconf 91' lang='lat' dir='ltr'>larn</span> <span class='ocrx_word' id='word_1_238' title='bbox 1685 2501 1838 2587; x_wconf 87' lang='lat' dir='ltr'>quaestio</span> <span class='ocrx_word' id='word_1_239' title='bbox 1860 2511 1928 2568; x_wconf 84' lang='lat' dir='ltr'>est:</span> <span class='ocrx_word' id='word_1_240' title='bbox 1961 2498 2073 2575; x_wconf 86' lang='lat' dir='ltr'>Quare</span> <span class='ocrx_word' id='word_1_241' title='bbox 2105 2511 2286 2569; x_wconf 81' lang='lat' dir='ltr'>accusatur</span> <span class='ocrx_word' id='word_1_242' title='bbox 2317 2498 2377 2573; x_wconf 84' lang='lat' dir='ltr'>illo</span> <span class='ocrx_word' id='word_1_243' title='bbox 2407 2502 2496 2573; x_wconf 80' lang='lat' dir='ltr'>Phn-</span> 
     </span>
     <span class='ocr_line' id='line_1_20' title="bbox 474 2583 1668 2668; baseline -0.005 -11"><span class='ocrx_word' id='word_1_244' title='bbox 474 2592 695 2668; x_wconf 87' lang='lat' dir='ltr'>nerationem,</span> <span class='ocrx_word' id='word_1_245' title='bbox 733 2589 768 2655; x_wconf 93' lang='lat' dir='ltr'>in</span> <span class='ocrx_word' id='word_1_246' title='bbox 797 2609 897 2653; x_wconf 87' lang='lat' dir='ltr'>unurn</span> <span class='ocrx_word' id='word_1_247' title='bbox 930 2584 1072 2666; x_wconf 87' lang='lat' dir='ltr'>collata,</span> <span class='ocrx_word' id='word_1_248' title='bbox 1114 2596 1223 2652; x_wconf 88' lang='lat' dir='ltr'>tamen</span> <span class='ocrx_word' id='word_1_249' title='bbox 1262 2604 1331 2652; x_wconf 92' lang='lat' dir='ltr'>non</span> <span class='ocrx_word' id='word_1_250' title='bbox 1364 2595 1457 2650; x_wconf 88' lang='lat' dir='ltr'>esset</span> <span class='ocrx_word' id='word_1_251' title='bbox 1508 2583 1668 2654; x_wconf 63' lang='lat' dir='ltr'>macari</span> 
     </span>
    </p>
   </div>
   <div class='ocr_carea' id='block_1_6' title="bbox 473 2668 2412 2777">
    <p class='ocr_par' dir='ltr' id='par_1_7' title="bbox 473 2668 2412 2777">
     <span class='ocr_line' id='line_1_21' title="bbox 473 2668 2412 2777; baseline -0.009 -32"><span class='ocrx_word' id='word_1_252' title='bbox 473 2677 625 2745; x_wconf 90' lang='lat' dir='ltr'>meritum</span> <span class='ocrx_word' id='word_1_253' title='bbox 646 2674 853 2741; x_wconf 87' lang='lat' dir='ltr'>remissionis</span> <span class='ocrx_word' id='word_1_254' title='bbox 882 2684 1106 2760; x_wconf 82' lang='lat' dir='ltr'>peccatorum.</span> <span class='ocrx_word' id='word_1_255' title='bbox 1159 2668 1262 2737; x_wconf 83' lang='lat' dir='ltr'>Nulla</span> <span class='ocrx_word' id='word_1_256' title='bbox 1293 2682 1347 2738; x_wconf 86' lang='lat' dir='ltr'>est</span> <span class='ocrx_word' id='word_1_257' title='bbox 1378 2688 1455 2756; x_wconf 91' lang='lat' dir='ltr'>pro·</span> <span class='ocrx_word' id='word_1_258' title='bbox 1638 2705 1835 2773; x_wconf 57' lang='lat' dir='ltr'><strong><em>Gratiarum</em></strong></span> <span class='ocrx_word' id='word_1_259' title='bbox 1856 2708 1946 2774; x_wconf 51' lang='lat' dir='ltr'><strong><em>actio</em></strong></span> <span class='ocrx_word' id='word_1_260' title='bbox 1967 2714 2017 2773; x_wconf 54' lang='lat' dir='ltr'><strong><em>m</em></strong></span> <span class='ocrx_word' id='word_1_261' title='bbox 2037 2726 2176 2773; x_wconf 60' lang='lat' dir='ltr'>mm</span> <span class='ocrx_word' id='word_1_262' title='bbox 2197 2707 2304 2775; x_wconf 52' lang='lat' dir='ltr'>mm</span> <span class='ocrx_word' id='word_1_263' title='bbox 2324 2707 2412 2777; x_wconf 47' lang='lat' dir='ltr'>Dei:</span> 
     </span>
    </p>
   </div>
   <div class='ocr_carea' id='block_1_7' title="bbox 498 2755 2497 2964">
    <p class='ocr_par' dir='ltr' id='par_1_8' title="bbox 498 2755 2497 2964">
     <span class='ocr_line' id='line_1_22' title="bbox 498 2755 2497 2964; baseline -0.008 -49"><span class='ocrx_word' id='word_1_264' title='bbox 498 2775 584 2915; x_wconf 74' lang='lat' dir='ltr'>‘il&#39;</span> <span class='ocrx_word' id='word_1_265' title='bbox 605 2755 1457 2913; x_wconf 56' lang='lat' dir='ltr'>ihtttfflltlttl&#39;ffltlslhll‘tltl‘llt:</span> <span class='ocrx_word' id='word_1_266' title='bbox 1565 2810 1577 2826; x_wconf 82' lang='lat'><strong>·</strong></span> <span class='ocrx_word' id='word_1_267' title='bbox 1637 2792 2057 2964; x_wconf 42' lang='lat' dir='ltr'>&#39;mmmmm</span> <span class='ocrx_word' id='word_1_268' title='bbox 2074 2795 2163 2881; x_wconf 60' lang='lat' dir='ltr'>tw</span> <span class='ocrx_word' id='word_1_269' title='bbox 2182 2813 2249 2861; x_wconf 65' lang='grc' dir='ltr'>ἰι</span> <span class='ocrx_word' id='word_1_270' title='bbox 2268 2796 2314 2861; x_wconf 67' lang='lat' dir='ltr'>a</span> <span class='ocrx_word' id='word_1_271' title='bbox 2333 2796 2497 2877; x_wconf 58' lang='lat' dir='ltr'>ww»</span> 
     </span>
    </p>
   </div>
   <div class='ocr_carea' id='block_1_8' title="bbox 471 2930 2497 5260">
    <p class='ocr_par' dir='ltr' id='par_1_9' title="bbox 471 2930 2497 5260">
     <span class='ocr_line' id='line_1_23' title="bbox 473 2930 2389 3002; baseline -0.007 -1"><span class='ocrx_word' id='word_1_272' title='bbox 473 2932 575 3002; x_wconf 88' lang='lat' dir='ltr'>Nulla</span> <span class='ocrx_word' id='word_1_273' title='bbox 607 2932 691 2999; x_wconf 91' lang='lat' dir='ltr'>disoi</span> <span class='ocrx_word' id='word_1_274' title='bbox 715 2932 784 2997; x_wconf 90' lang='lat' dir='ltr'>lina</span> <span class='ocrx_word' id='word_1_275' title='bbox 821 2943 873 2997; x_wconf 87' lang='lat' dir='ltr'>est</span> <span class='ocrx_word' id='word_1_276' title='bbox 905 2951 938 2995; x_wconf 92' lang='lat' dir='ltr'>m</span> <span class='ocrx_word' id='word_1_277' title='bbox 987 2942 1055 2997; x_wconf 88' lang='lat' dir='ltr'>tum</span> <span class='ocrx_word' id='word_1_278' title='bbox 1095 2930 1303 2996; x_wconf 86' lang='lat' dir='ltr'>remissionis</span> <span class='ocrx_word' id='word_1_279' title='bbox 1347 2947 1456 2995; x_wconf 76' lang='lat' dir='ltr'>recca-</span> <span class='ocrx_word' id='word_1_280' title='bbox 1665 2965 1673 2981; x_wconf 85' lang='lat'>·</span> <span class='ocrx_word' id='word_1_281' title='bbox 1796 2969 1804 2986; x_wconf 86' lang='lat'>·</span> <span class='ocrx_word' id='word_1_282' title='bbox 1850 2969 1858 2986; x_wconf 86' lang='lat'>·</span> <span class='ocrx_word' id='word_1_283' title='bbox 2071 2967 2079 2985; x_wconf 87' lang='lat'><strong>·</strong></span> <span class='ocrx_word' id='word_1_284' title='bbox 2379 2970 2389 2988; x_wconf 92' lang='lat'><strong>.</strong></span> 
     </span>
     <span class='ocr_line' id='line_1_24' title="bbox 474 2952 2411 3102; baseline -0.004 -15"><span class='ocrx_word' id='word_1_285' title='bbox 474 3034 595 3088; x_wconf 89' lang='lat' dir='ltr'>torum.</span> <span class='ocrx_word' id='word_1_286' title='bbox 639 2953 773 3086; x_wconf 62' lang='lat' dir='ltr'>Dehnda</span> <span class='ocrx_word' id='word_1_287' title='bbox 804 3015 891 3083; x_wconf 87' lang='lat' dir='ltr'>hoco</span> <span class='ocrx_word' id='word_1_288' title='bbox 923 3017 997 3102; x_wconf 87' lang='lat' dir='ltr'>ipsa</span> <span class='ocrx_word' id='word_1_289' title='bbox 1030 3015 1206 3101; x_wconf 86' lang='lat' dir='ltr'>disciplina</span> <span class='ocrx_word' id='word_1_290' title='bbox 1236 2952 1381 3081; x_wconf 73' lang='lat' dir='ltr'>nonddm</span> <span class='ocrx_word' id='word_1_291' title='bbox 1404 3023 1457 3081; x_wconf 88' lang='lat' dir='ltr'>est</span> <span class='ocrx_word' id='word_1_292' title='bbox 1643 2966 1734 3051; x_wconf 44' lang='lat'>&amp;9⁰</span> <span class='ocrx_word' id='word_1_293' title='bbox 1756 2966 1870 3033; x_wconf 59' lang='lat' dir='ltr'>mm</span> <span class='ocrx_word' id='word_1_294' title='bbox 1891 2964 1966 3079; x_wconf 45' lang='lat' dir='ltr'>DQ</span> <span class='ocrx_word' id='word_1_295' title='bbox 1983 2973 2142 3053; x_wconf 50' lang='grc' dir='ltr'>ΝΜ</span> <span class='ocrx_word' id='word_1_296' title='bbox 2163 2972 2196 3032; x_wconf 60' lang='lat' dir='ltr'>‘t</span> <span class='ocrx_word' id='word_1_297' title='bbox 2217 2966 2294 3034; x_wconf 57' lang='lat' dir='ltr'>bem</span> <span class='ocrx_word' id='word_1_298' title='bbox 2308 2966 2411 3051; x_wconf 54' lang='lat' dir='ltr'>tm</span> 
     </span>
     <span class='ocr_line' id='line_1_25' title="bbox 473 3098 2493 3191; baseline -0.001 -18"><span class='ocrx_word' id='word_1_299' title='bbox 473 3105 532 3173; x_wconf 89' lang='lat' dir='ltr'>illa</span> <span class='ocrx_word' id='word_1_300' title='bbox 554 3105 690 3184; x_wconf 90' lang='lat' dir='ltr'>iustitia,</span> <span class='ocrx_word' id='word_1_301' title='bbox 722 3124 823 3191; x_wconf 89' lang='lat' dir='ltr'>quam</span> <span class='ocrx_word' id='word_1_302' title='bbox 845 3100 939 3169; x_wconf 87' lang='lat' dir='ltr'>Deus</span> <span class='ocrx_word' id='word_1_303' title='bbox 962 3106 1154 3189; x_wconf 88' lang='lat' dir='ltr'>pronuntiat</span> <span class='ocrx_word' id='word_1_304' title='bbox 1186 3120 1265 3167; x_wconf 87' lang='lat' dir='ltr'>esse</span> <span class='ocrx_word' id='word_1_305' title='bbox 1287 3101 1455 3167; x_wconf 85' lang='lat' dir='ltr'>iustitiam.</span> <span class='ocrx_word' id='word_1_306' title='bbox 1593 3098 1669 3169; x_wconf 89' lang='lat' dir='ltr'>Non</span> <span class='ocrx_word' id='word_1_307' title='bbox 1691 3101 1826 3169; x_wconf 87' lang='lat' dir='ltr'>dubium</span> <span class='ocrx_word' id='word_1_308' title='bbox 1848 3114 1999 3170; x_wconf 86' lang='lat' dir='ltr'>estesse</span> <span class='ocrx_word' id='word_1_309' title='bbox 2029 3102 2223 3171; x_wconf 85' lang='lat' dir='ltr'>beneficium</span> <span class='ocrx_word' id='word_1_310' title='bbox 2243 3103 2387 3171; x_wconf 76' lang='lat' dir='ltr'>divium</span> <span class='ocrx_word' id='word_1_311' title='bbox 2412 3104 2493 3171; x_wconf 70' lang='lat' dir='ltr'>aba</span> 
     </span>
     <span class='ocr_line' id='line_1_26' title="bbox 474 3185 2493 3278; baseline -0.001 -19"><span class='ocrx_word' id='word_1_312' title='bbox 474 3192 564 3268; x_wconf 84' lang='lat' dir='ltr'>Quid</span> <span class='ocrx_word' id='word_1_313' title='bbox 595 3200 650 3258; x_wconf 86' lang='lat' dir='ltr'>est</span> <span class='ocrx_word' id='word_1_314' title='bbox 671 3191 795 3277; x_wconf 70' lang='lat' dir='ltr'>igitur?</span> <span class='ocrx_word' id='word_1_315' title='bbox 849 3186 912 3254; x_wconf 84' lang='lat' dir='ltr'>Est</span> <span class='ocrx_word' id='word_1_316' title='bbox 944 3190 1133 3256; x_wconf 82' lang='lat' dir='ltr'>obedientia</span> <span class='ocrx_word' id='word_1_317' title='bbox 1166 3200 1325 3268; x_wconf 83' lang='lat' dir='ltr'>externa,</span> <span class='ocrx_word' id='word_1_318' title='bbox 1357 3206 1456 3273; x_wconf 89' lang='lat' dir='ltr'>qnam</span> <span class='ocrx_word' id='word_1_319' title='bbox 1507 3187 1613 3254; x_wconf 90' lang='lat' dir='ltr'>tinere</span> <span class='ocrx_word' id='word_1_320' title='bbox 1637 3185 1808 3256; x_wconf 88' lang='lat' dir='ltr'>adeliotls</span> <span class='ocrx_word' id='word_1_321' title='bbox 1825 3188 2027 3257; x_wconf 86' lang='lat' dir='ltr'>violantibus</span> <span class='ocrx_word' id='word_1_322' title='bbox 2046 3188 2266 3278; x_wconf 72' lang='lat' dir='ltr'>disciplinam</span> <span class='ocrx_word' id='word_1_323' title='bbox 2296 3190 2375 3275; x_wconf 87' lang='lat' dir='ltr'>quia</span> <span class='ocrx_word' id='word_1_324' title='bbox 2394 3197 2493 3257; x_wconf 84' lang='lat' dir='ltr'>tanta</span> 
     </span>
     <span class='ocr_line' id='line_1_27' title="bbox 473 3270 2494 3364; baseline -0.002 -17"><span class='ocrx_word' id='word_1_325' title='bbox 473 3276 862 3364; x_wconf 61' lang='lat' dir='ltr'>acarasseorum</span> <span class='ocrx_word' id='word_1_326' title='bbox 883 3275 1007 3343; x_wconf 92' lang='lat' dir='ltr'>innon</span> <span class='ocrx_word' id='word_1_327' title='bbox 1029 3275 1167 3355; x_wconf 88' lang='lat' dir='ltr'>renatis,</span> <span class='ocrx_word' id='word_1_328' title='bbox 1189 3286 1224 3340; x_wconf 89' lang='lat' dir='ltr'>ct</span> <span class='ocrx_word' id='word_1_329' title='bbox 1245 3293 1332 3361; x_wconf 88' lang='lat' dir='ltr'>quae</span> <span class='ocrx_word' id='word_1_330' title='bbox 1353 3270 1457 3340; x_wconf 85' lang='lat' dir='ltr'>habet</span> <span class='ocrx_word' id='word_1_331' title='bbox 1507 3284 1561 3341; x_wconf 81' lang='lat' dir='ltr'>est</span> <span class='ocrx_word' id='word_1_332' title='bbox 1581 3272 1755 3341; x_wconf 82' lang='lat' dir='ltr'>infirmitas</span> <span class='ocrx_word' id='word_1_333' title='bbox 1777 3275 1966 3355; x_wconf 87' lang='lat' dir='ltr'>hominum,</span> <span class='ocrx_word' id='word_1_334' title='bbox 1993 3286 2027 3342; x_wconf 92' lang='lat' dir='ltr'>et</span> <span class='ocrx_word' id='word_1_335' title='bbox 2048 3287 2139 3342; x_wconf 89' lang='lat' dir='ltr'>tanta</span> <span class='ocrx_word' id='word_1_336' title='bbox 2166 3287 2221 3343; x_wconf 86' lang='lat' dir='ltr'>est</span> <span class='ocrx_word' id='word_1_337' title='bbox 2240 3277 2392 3363; x_wconf 88' lang='lat' dir='ltr'>potentia</span> <span class='ocrx_word' id='word_1_338' title='bbox 2409 3272 2494 3343; x_wconf 73' lang='lat' dir='ltr'>ntr-</span> 
     </span>
     <span class='ocr_line' id='line_1_28' title="bbox 472 3357 2494 3453; baseline -0.001 -22"><span class='ocrx_word' id='word_1_339' title='bbox 472 3366 620 3453; x_wconf 88' lang='lat' dir='ltr'>praemia</span> <span class='ocrx_word' id='word_1_340' title='bbox 641 3361 853 3447; x_wconf 86' lang='lat' dir='ltr'>temporalia,</span> <span class='ocrx_word' id='word_1_341' title='bbox 886 3361 974 3426; x_wconf 90' lang='lat' dir='ltr'>sicut</span> <span class='ocrx_word' id='word_1_342' title='bbox 1005 3372 1057 3428; x_wconf 90' lang='lat' dir='ltr'>est</span> <span class='ocrx_word' id='word_1_343' title='bbox 1077 3358 1274 3448; x_wconf 86' lang='lat' dir='ltr'>plerumque</span> <span class='ocrx_word' id='word_1_344' title='bbox 1294 3358 1458 3445; x_wconf 86' lang='lat' dir='ltr'>placidior</span> <span class='ocrx_word' id='word_1_345' title='bbox 1509 3357 1596 3440; x_wconf 88' lang='lat' dir='ltr'>boli,</span> <span class='ocrx_word' id='word_1_346' title='bbox 1627 3371 1664 3426; x_wconf 92' lang='lat' dir='ltr'>ut</span> <span class='ocrx_word' id='word_1_347' title='bbox 1696 3357 1796 3429; x_wconf 83' lang='lat' dir='ltr'>laoile</span> <span class='ocrx_word' id='word_1_348' title='bbox 1825 3360 1981 3429; x_wconf 89' lang='lat' dir='ltr'>labantur</span> <span class='ocrx_word' id='word_1_349' title='bbox 2017 3361 2169 3429; x_wconf 90' lang='lat' dir='ltr'>homines</span> <span class='ocrx_word' id='word_1_350' title='bbox 2200 3358 2333 3449; x_wconf 85' lang='lat' dir='ltr'>impulsi</span> <span class='ocrx_word' id='word_1_351' title='bbox 2364 3382 2387 3429; x_wconf 88' lang='lat' dir='ltr'>a</span> <span class='ocrx_word' id='word_1_352' title='bbox 2413 3358 2494 3429; x_wconf 82' lang='lat' dir='ltr'>llio·</span> 
     </span>
     <span class='ocr_line' id='line_1_29' title="bbox 472 3444 2494 3525; baseline -0.001 -6"><span class='ocrx_word' id='word_1_353' title='bbox 472 3452 542 3519; x_wconf 81' lang='lat' dir='ltr'>vita</span> <span class='ocrx_word' id='word_1_354' title='bbox 563 3464 595 3517; x_wconf 87' lang='lat' dir='ltr'>et</span> <span class='ocrx_word' id='word_1_355' title='bbox 619 3452 727 3515; x_wconf 78' lang='lat' dir='ltr'>exitus</span> <span class='ocrx_word' id='word_1_356' title='bbox 748 3447 986 3514; x_wconf 86' lang='lat' dir='ltr'>modestomm.</span> <span class='ocrx_word' id='word_1_357' title='bbox 1507 3444 1601 3525; x_wconf 92' lang='lat' dir='ltr'>bolo,</span> <span class='ocrx_word' id='word_1_358' title='bbox 1623 3448 1687 3512; x_wconf 92' lang='lat' dir='ltr'>nisi</span> <span class='ocrx_word' id='word_1_359' title='bbox 1698 3448 1855 3515; x_wconf 87' lang='lat' dir='ltr'>divinitus</span> <span class='ocrx_word' id='word_1_360' title='bbox 1867 3448 2097 3516; x_wconf 88' lang='lat' dir='ltr'>custodiantur</span> <span class='ocrx_word' id='word_1_361' title='bbox 2114 3450 2214 3516; x_wconf 88' lang='lat' dir='ltr'>etiarn</span> <span class='ocrx_word' id='word_1_362' title='bbox 2229 3450 2263 3515; x_wconf 87' lang='lat' dir='ltr'>in</span> <span class='ocrx_word' id='word_1_363' title='bbox 2279 3446 2339 3515; x_wconf 90' lang='lat' dir='ltr'>illa</span> <span class='ocrx_word' id='word_1_364' title='bbox 2355 3458 2494 3517; x_wconf 76' lang='lat' dir='ltr'>externa</span> 
     </span>
     <span class='ocr_line' id='line_1_30' title="bbox 559 3529 2493 3619; baseline 0.001 -17"><span class='ocrx_word' id='word_1_365' title='bbox 559 3534 615 3603; x_wconf 88' lang='lat' dir='ltr'>De</span> <span class='ocrx_word' id='word_1_366' title='bbox 626 3554 692 3619; x_wconf 91' lang='lat' dir='ltr'>quo</span> <span class='ocrx_word' id='word_1_367' title='bbox 704 3530 827 3598; x_wconf 88' lang='lat' dir='ltr'>multae</span> <span class='ocrx_word' id='word_1_368' title='bbox 845 3544 922 3599; x_wconf 87' lang='lat' dir='ltr'>sunt</span> <span class='ocrx_word' id='word_1_369' title='bbox 941 3529 1140 3617; x_wconf 85' lang='lat' dir='ltr'>praeclarae</span> <span class='ocrx_word' id='word_1_370' title='bbox 1156 3530 1342 3598; x_wconf 89' lang='lat' dir='ltr'>sententiae</span> <span class='ocrx_word' id='word_1_371' title='bbox 1359 3532 1456 3596; x_wconf 88' lang='lat' dir='ltr'>etiarn</span> <span class='ocrx_word' id='word_1_372' title='bbox 1507 3531 1692 3619; x_wconf 84' lang='lat' dir='ltr'>disciplina</span> <span class='ocrx_word' id='word_1_373' title='bbox 1736 3532 1856 3601; x_wconf 87' lang='lat' dir='ltr'>Videte</span> <span class='ocrx_word' id='word_1_374' title='bbox 1885 3556 2034 3603; x_wconf 86' lang='lat' dir='ltr'>summos</span> <span class='ocrx_word' id='word_1_375' title='bbox 2066 3536 2159 3603; x_wconf 85' lang='lat' dir='ltr'>viros</span> <span class='ocrx_word' id='word_1_376' title='bbox 2195 3537 2283 3602; x_wconf 90' lang='lat' dir='ltr'>aud</span> <span class='ocrx_word' id='word_1_377' title='bbox 2316 3532 2493 3617; x_wconf 80' lang='lat' dir='ltr'>Ethnloos,</span> 
     </span>
     <span class='ocr_line' id='line_1_31' title="bbox 473 3557 2493 3709; baseline 0 -20"><span class='ocrx_word' id='word_1_378' title='bbox 473 3620 708 3689; x_wconf 85' lang='lat' dir='ltr'>Ethnieorum:</span> <span class='ocrx_word' id='word_1_379' title='bbox 741 3632 777 3683; x_wconf 91' lang='lat' dir='ltr'>ut</span> <span class='ocrx_word' id='word_1_380' title='bbox 809 3619 842 3683; x_wconf 94' lang='lat' dir='ltr'>in</span> <span class='ocrx_word' id='word_1_381' title='bbox 874 3619 944 3684; x_wconf 84' lang='lat' dir='ltr'>vita</span> <span class='ocrx_word' id='word_1_382' title='bbox 967 3617 1139 3704; x_wconf 84' lang='lat' dir='ltr'>Pomponii</span> <span class='ocrx_word' id='word_1_383' title='bbox 1160 3617 1275 3697; x_wconf 77' lang='lat' dir='ltr'>Attici,</span> <span class='ocrx_word' id='word_1_384' title='bbox 1308 3618 1363 3703; x_wconf 91' lang='lat' dir='ltr'>qui</span> <span class='ocrx_word' id='word_1_385' title='bbox 1396 3616 1459 3684; x_wconf 83' lang='lat' dir='ltr'>luit</span> <span class='ocrx_word' id='word_1_386' title='bbox 1507 3616 1703 3705; x_wconf 87' lang='lat' dir='ltr'>plerumque</span> <span class='ocrx_word' id='word_1_387' title='bbox 1732 3615 1866 3687; x_wconf 81' lang='lat' dir='ltr'>luerunt</span> <span class='ocrx_word' id='word_1_388' title='bbox 1893 3619 2011 3706; x_wconf 92' lang='lat' dir='ltr'>polluti</span> <span class='ocrx_word' id='word_1_389' title='bbox 2038 3623 2185 3689; x_wconf 83' lang='lat' dir='ltr'>externis</span> <span class='ocrx_word' id='word_1_390' title='bbox 2215 3557 2381 3709; x_wconf 62' lang='lat' dir='ltr'>lapsibus.</span> <span class='ocrx_word' id='word_1_391' title='bbox 2434 3620 2493 3689; x_wconf 75' lang='lat' dir='ltr'>Se·</span> 
     </span>
     <span class='ocr_line' id='line_1_32' title="bbox 474 3702 2492 3793; baseline 0 -17"><span class='ocrx_word' id='word_1_392' title='bbox 474 3710 659 3777; x_wconf 87' lang='lat' dir='ltr'>virbonus</span> <span class='ocrx_word' id='word_1_393' title='bbox 682 3718 714 3770; x_wconf 87' lang='lat' dir='ltr'>et</span> <span class='ocrx_word' id='word_1_394' title='bbox 743 3702 925 3785; x_wconf 88' lang='lat' dir='ltr'>honestus,</span> <span class='ocrx_word' id='word_1_395' title='bbox 961 3704 1099 3771; x_wconf 85' lang='lat' dir='ltr'>dicitur:</span> <span class='ocrx_word' id='word_1_396' title='bbox 1136 3704 1199 3771; x_wconf 81' lang='lat' dir='ltr'>Sari</span> <span class='ocrx_word' id='word_1_397' title='bbox 1216 3710 1330 3786; x_wconf 73' lang='lat' dir='ltr'>adque</span> <span class='ocrx_word' id='word_1_398' title='bbox 1350 3722 1458 3770; x_wconf 80' lang='lat' dir='ltr'>mores</span> <span class='ocrx_word' id='word_1_399' title='bbox 1508 3724 1594 3771; x_wconf 84' lang='lat' dir='ltr'>neca</span> <span class='ocrx_word' id='word_1_400' title='bbox 1615 3706 1736 3791; x_wconf 75' lang='lat' dir='ltr'>inquitz</span> <span class='ocrx_word' id='word_1_401' title='bbox 1771 3708 1889 3772; x_wconf 69' lang='lat' dir='ltr'>Otaces</span> <span class='ocrx_word' id='word_1_402' title='bbox 1908 3727 2096 3792; x_wconf 80' lang='lat' dir='ltr'>peccamus,</span> <span class='ocrx_word' id='word_1_403' title='bbox 2130 3716 2163 3775; x_wconf 88' lang='lat' dir='ltr'>et</span> <span class='ocrx_word' id='word_1_404' title='bbox 2189 3710 2349 3775; x_wconf 72' lang='lat' dir='ltr'>munuca</span> <span class='ocrx_word' id='word_1_405' title='bbox 2366 3708 2492 3793; x_wconf 77' lang='lat' dir='ltr'>coaspi-</span> 
     </span>
     <span class='ocr_line' id='line_1_33' title="bbox 471 3787 2494 3881; baseline -0 -19"><span class='ocrx_word' id='word_1_406' title='bbox 471 3800 641 3881; x_wconf 70' lang='lat' dir='ltr'>(ortam</span> <span class='ocrx_word' id='word_1_407' title='bbox 656 3796 794 3877; x_wconf 80' lang='lat' dir='ltr'>furiunt.</span> <span class='ocrx_word' id='word_1_408' title='bbox 838 3788 975 3871; x_wconf 80' lang='lat' dir='ltr'>(lontm,</span> <span class='ocrx_word' id='word_1_409' title='bbox 996 3790 1039 3856; x_wconf 88' lang='lat' dir='ltr'>de</span> <span class='ocrx_word' id='word_1_410' title='bbox 1061 3789 1179 3876; x_wconf 92' lang='lat' dir='ltr'>poenis</span> <span class='ocrx_word' id='word_1_411' title='bbox 1207 3800 1259 3855; x_wconf 89' lang='lat' dir='ltr'>est</span> <span class='ocrx_word' id='word_1_412' title='bbox 1279 3790 1368 3875; x_wconf 88' lang='lat' dir='ltr'>apud</span> <span class='ocrx_word' id='word_1_413' title='bbox 1390 3787 1458 3855; x_wconf 90' lang='lat' dir='ltr'>llo·</span> <span class='ocrx_word' id='word_1_414' title='bbox 1507 3793 1639 3857; x_wconf 80' lang='lat' dir='ltr'>rotimae</span> <span class='ocrx_word' id='word_1_415' title='bbox 1656 3811 1759 3877; x_wconf 71' lang='lat' dir='ltr'>penus</span> <span class='ocrx_word' id='word_1_416' title='bbox 1779 3792 1949 3860; x_wconf 79' lang='lat' dir='ltr'>lamomtm</span> <span class='ocrx_word' id='word_1_417' title='bbox 1968 3796 2038 3861; x_wconf 71' lang='lat' dir='ltr'>ertit</span> <span class='ocrx_word' id='word_1_418' title='bbox 2070 3795 2221 3862; x_wconf 80' lang='lat' dir='ltr'>insitio.</span> <span class='ocrx_word' id='word_1_419' title='bbox 2263 3794 2429 3881; x_wconf 83' lang='lat' dir='ltr'>Loquitur</span> <span class='ocrx_word' id='word_1_420' title='bbox 2450 3792 2494 3861; x_wconf 80' lang='lat' dir='ltr'>do</span> 
     </span>
     <span class='ocr_line' id='line_1_34' title="bbox 474 3876 2494 3983; baseline 0 -35"><span class='ocrx_word' id='word_1_421' title='bbox 474 3901 616 3949; x_wconf 86' lang='lat' dir='ltr'>merum:</span> <span class='ocrx_word' id='word_1_422' title='bbox 651 3876 696 3943; x_wconf 82' lang='lat' dir='ltr'>Oi</span> <span class='ocrx_word' id='word_1_423' title='bbox 729 3876 788 3983; x_wconf 63' lang='grc' dir='ltr'>γάρ</span> <span class='ocrx_word' id='word_1_424' title='bbox 822 3880 945 3959; x_wconf 75' lang='grc' dir='ltr'>σχέτλια</span> <span class='ocrx_word' id='word_1_425' title='bbox 972 3878 1044 3961; x_wconf 74' lang='grc' dir='ltr'><strong><em>ἔργα</em></strong></span> <span class='ocrx_word' id='word_1_426' title='bbox 1066 3880 1137 3941; x_wconf 73' lang='lat' dir='ltr'>sat</span> <span class='ocrx_word' id='word_1_427' title='bbox 1156 3876 1291 3959; x_wconf 74' lang='grc' dir='ltr'>μάκαρες</span> <span class='ocrx_word' id='word_1_428' title='bbox 1312 3882 1457 3961; x_wconf 77' lang='grc' dir='ltr'>φιλέουσι.</span> <span class='ocrx_word' id='word_1_429' title='bbox 1509 3878 1656 3943; x_wconf 77' lang='lat' dir='ltr'>externis</span> <span class='ocrx_word' id='word_1_430' title='bbox 1678 3881 1845 3963; x_wconf 87' lang='lat' dir='ltr'>peccatis:</span> <span class='ocrx_word' id='word_1_431' title='bbox 1890 3880 1945 3947; x_wconf 89' lang='lat' dir='ltr'>uia</span> <span class='ocrx_word' id='word_1_432' title='bbox 1966 3900 2064 3947; x_wconf 88' lang='lat' dir='ltr'>nomo</span> <span class='ocrx_word' id='word_1_433' title='bbox 2087 3892 2158 3962; x_wconf 88' lang='lat' dir='ltr'>est,</span> <span class='ocrx_word' id='word_1_434' title='bbox 2213 3882 2248 3947; x_wconf 89' lang='lat' dir='ltr'>ui</span> <span class='ocrx_word' id='word_1_435' title='bbox 2273 3901 2342 3948; x_wconf 93' lang='lat' dir='ltr'>uon</span> <span class='ocrx_word' id='word_1_436' title='bbox 2370 3880 2494 3949; x_wconf 75' lang='lat' dir='ltr'>habaet</span> 
     </span>
     <span class='ocr_line' id='line_1_35' title="bbox 472 3960 2493 4085; baseline 0.001 -52"><span class='ocrx_word' id='word_1_437' title='bbox 472 3966 571 4033; x_wconf 70' lang='lat' dir='ltr'>{teme</span> <span class='ocrx_word' id='word_1_438' title='bbox 612 3961 675 4029; x_wconf 77' lang='lat' dir='ltr'>Oia</span> <span class='ocrx_word' id='word_1_439' title='bbox 706 3961 731 4026; x_wconf 80' lang='grc' dir='ltr'>τ’</span> <span class='ocrx_word' id='word_1_440' title='bbox 764 3961 842 4050; x_wconf 71' lang='lat' dir='ltr'>avia</span> <span class='ocrx_word' id='word_1_441' title='bbox 875 3961 973 4049; x_wconf 71' lang='grc' dir='ltr'>ἕρξει,</span> <span class='ocrx_word' id='word_1_442' title='bbox 1013 3967 1092 4025; x_wconf 76' lang='grc' dir='ltr'>τοῖσι</span> <span class='ocrx_word' id='word_1_443' title='bbox 1123 3966 1205 4037; x_wconf 72' lang='grc' dir='ltr'><strong><em>τέλος</em></strong></span> <span class='ocrx_word' id='word_1_444' title='bbox 1237 3960 1324 4026; x_wconf 68' lang='grc' dir='ltr'><em>αὐτὸν</em></span> <span class='ocrx_word' id='word_1_445' title='bbox 1352 3962 1457 4027; x_wconf 72' lang='grc' dir='ltr'>ἱκάνει.</span> <span class='ocrx_word' id='word_1_446' title='bbox 1480 4010 1485 4085; x_wconf 75' lang='grc' dir='ltr'>Ι</span> <span class='ocrx_word' id='word_1_447' title='bbox 1509 3974 1650 4028; x_wconf 80' lang='lat' dir='ltr'>extenta</span> <span class='ocrx_word' id='word_1_448' title='bbox 1670 3978 1822 4048; x_wconf 81' lang='lat' dir='ltr'>peecata.</span> <span class='ocrx_word' id='word_1_449' title='bbox 1906 3978 1939 4031; x_wconf 92' lang='lat' dir='ltr'>st</span> <span class='ocrx_word' id='word_1_450' title='bbox 1970 3968 2071 4054; x_wconf 82' lang='lat' dir='ltr'>igitur</span> <span class='ocrx_word' id='word_1_451' title='bbox 2098 3968 2197 4055; x_wconf 77' lang='lat' dir='ltr'>singu</span> <span class='ocrx_word' id='word_1_452' title='bbox 2211 3986 2270 4034; x_wconf 82' lang='lat' dir='ltr'>are</span> <span class='ocrx_word' id='word_1_453' title='bbox 2296 3964 2493 4035; x_wconf 73' lang='lat' dir='ltr'>smenon</span> 
     </span>
     <span class='ocr_line' id='line_1_36' title="bbox 472 4046 2493 4141; baseline 0.001 -22"><span class='ocrx_word' id='word_1_454' title='bbox 472 4053 570 4119; x_wconf 79' lang='lat' dir='ltr'>ltamt</span> <span class='ocrx_word' id='word_1_455' title='bbox 604 4050 715 4125; x_wconf 76' lang='grc' dir='ltr'><strong><em>Οὐδεὶς</em></strong></span> <span class='ocrx_word' id='word_1_456' title='bbox 746 4046 927 4136; x_wconf 76' lang='grc' dir='ltr'>ἀνθρώπων</span> <span class='ocrx_word' id='word_1_457' title='bbox 958 4047 1075 4116; x_wconf 74' lang='grc' dir='ltr'>ἀδικῶν</span> <span class='ocrx_word' id='word_1_458' title='bbox 1107 4070 1185 4114; x_wconf 74' lang='grc' dir='ltr'>τισιν</span> <span class='ocrx_word' id='word_1_459' title='bbox 1222 4046 1275 4110; x_wconf 71' lang='grc' dir='ltr'>οὐκ</span> <span class='ocrx_word' id='word_1_460' title='bbox 1311 4047 1459 4113; x_wconf 74' lang='grc' dir='ltr'>ἀποτίσει</span> <span class='ocrx_word' id='word_1_461' title='bbox 1509 4049 1585 4129; x_wconf 87' lang='lat' dir='ltr'>Dei,</span> <span class='ocrx_word' id='word_1_462' title='bbox 1604 4051 1777 4131; x_wconf 88' lang='lat' dir='ltr'>custodiri,</span> <span class='ocrx_word' id='word_1_463' title='bbox 1808 4071 1851 4120; x_wconf 90' lang='lat' dir='ltr'>ne</span> <span class='ocrx_word' id='word_1_464' title='bbox 1883 4051 2006 4141; x_wconf 86' lang='lat' dir='ltr'>aliquis</span> <span class='ocrx_word' id='word_1_465' title='bbox 2038 4054 2163 4121; x_wconf 86' lang='lat' dir='ltr'>incidat</span> <span class='ocrx_word' id='word_1_466' title='bbox 2195 4054 2229 4119; x_wconf 91' lang='lat' dir='ltr'>in</span> <span class='ocrx_word' id='word_1_467' title='bbox 2262 4064 2404 4141; x_wconf 81' lang='lat' dir='ltr'>peceato</span> <span class='ocrx_word' id='word_1_468' title='bbox 2430 4070 2493 4121; x_wconf 76' lang='lat' dir='ltr'>m</span> 
     </span>
     <span class='ocr_line' id='line_1_37' title="bbox 472 4133 1760 4220; baseline -0.002 -14"><span class='ocrx_word' id='word_1_469' title='bbox 472 4138 545 4206; x_wconf 81' lang='lat' dir='ltr'>Lex</span> <span class='ocrx_word' id='word_1_470' title='bbox 578 4148 719 4205; x_wconf 87' lang='lat' dir='ltr'>naturae</span> <span class='ocrx_word' id='word_1_471' title='bbox 752 4154 815 4200; x_wconf 89' lang='lat' dir='ltr'>sea</span> <span class='ocrx_word' id='word_1_472' title='bbox 847 4133 964 4201; x_wconf 87' lang='lat' dir='ltr'>notitia</span> <span class='ocrx_word' id='word_1_473' title='bbox 995 4133 1099 4219; x_wconf 80' lang='lat' dir='ltr'>Legis</span> <span class='ocrx_word' id='word_1_474' title='bbox 1105 4181 1119 4214; x_wconf 90' lang='lat'>,</span> <span class='ocrx_word' id='word_1_475' title='bbox 1158 4153 1247 4220; x_wconf 89' lang='lat' dir='ltr'>quae</span> <span class='ocrx_word' id='word_1_476' title='bbox 1279 4143 1392 4200; x_wconf 86' lang='lat' dir='ltr'>manet</span> <span class='ocrx_word' id='word_1_477' title='bbox 1423 4134 1458 4199; x_wconf 97' lang='lat' dir='ltr'>in</span> <span class='ocrx_word' id='word_1_478' title='bbox 1508 4146 1596 4203; x_wconf 90' lang='lat' dir='ltr'>tetra</span> <span class='ocrx_word' id='word_1_479' title='bbox 1617 4134 1760 4204; x_wconf 85' lang='lat' dir='ltr'>scelera.</span> 
     </span>
     <span class='ocr_line' id='line_1_38' title="bbox 473 4218 2494 4309; baseline 0 -18"><span class='ocrx_word' id='word_1_480' title='bbox 473 4225 653 4303; x_wconf 85' lang='lat' dir='ltr'>mentibus,</span> <span class='ocrx_word' id='word_1_481' title='bbox 675 4223 767 4288; x_wconf 86' lang='lat' dir='ltr'>videt</span> <span class='ocrx_word' id='word_1_482' title='bbox 787 4220 855 4288; x_wconf 91' lang='lat' dir='ltr'>hoo</span> <span class='ocrx_word' id='word_1_483' title='bbox 876 4239 956 4286; x_wconf 87' lang='lat' dir='ltr'>esso</span> <span class='ocrx_word' id='word_1_484' title='bbox 970 4221 1127 4289; x_wconf 87' lang='lat' dir='ltr'>iudicium</span> <span class='ocrx_word' id='word_1_485' title='bbox 1138 4219 1215 4301; x_wconf 87' lang='lat' dir='ltr'>Dei,</span> <span class='ocrx_word' id='word_1_486' title='bbox 1237 4230 1271 4287; x_wconf 88' lang='lat' dir='ltr'>et</span> <span class='ocrx_word' id='word_1_487' title='bbox 1291 4220 1459 4306; x_wconf 81' lang='lat' dir='ltr'>experitur</span> <span class='ocrx_word' id='word_1_488' title='bbox 1592 4218 1807 4309; x_wconf 85' lang='lat' dir='ltr'>Respondeo.</span> <span class='ocrx_word' id='word_1_489' title='bbox 1836 4220 2000 4290; x_wconf 70' lang='lat' dir='ltr'>&#39;Etiamsi</span> <span class='ocrx_word' id='word_1_490' title='bbox 2031 4223 2236 4292; x_wconf 78' lang='lat' dir='ltr'>Pharisaeus</span> <span class='ocrx_word' id='word_1_491' title='bbox 2267 4221 2371 4293; x_wconf 89' lang='lat' dir='ltr'>habet</span> <span class='ocrx_word' id='word_1_492' title='bbox 2401 4220 2494 4291; x_wconf 79' lang='lat' dir='ltr'>illnn</span> 
     </span>
     <span class='ocr_line' id='line_1_39' title="bbox 472 4304 2494 4395; baseline -0 -17"><span class='ocrx_word' id='word_1_493' title='bbox 472 4312 505 4378; x_wconf 91' lang='lat' dir='ltr'>in</span> <span class='ocrx_word' id='word_1_494' title='bbox 529 4310 759 4377; x_wconf 88' lang='lat' dir='ltr'>communibus</span> <span class='ocrx_word' id='word_1_495' title='bbox 781 4309 871 4374; x_wconf 90' lang='lat' dir='ltr'>vitae</span> <span class='ocrx_word' id='word_1_496' title='bbox 892 4326 987 4374; x_wconf 86' lang='lat' dir='ltr'>axern</span> <span class='ocrx_word' id='word_1_497' title='bbox 1009 4304 1065 4373; x_wconf 90' lang='lat' dir='ltr'>lis.</span> <span class='ocrx_word' id='word_1_498' title='bbox 1507 4308 1748 4395; x_wconf 87' lang='lat' dir='ltr'>hypocriticam</span> <span class='ocrx_word' id='word_1_499' title='bbox 1764 4309 1921 4377; x_wconf 84' lang='lat' dir='ltr'>iustitiam</span> <span class='ocrx_word' id='word_1_500' title='bbox 1944 4323 1978 4377; x_wconf 90' lang='lat' dir='ltr'>et</span> <span class='ocrx_word' id='word_1_501' title='bbox 1999 4311 2196 4392; x_wconf 86' lang='lat' dir='ltr'>doctrinam,</span> <span class='ocrx_word' id='word_1_502' title='bbox 2222 4308 2281 4377; x_wconf 87' lang='lat' dir='ltr'>illa</span> <span class='ocrx_word' id='word_1_503' title='bbox 2302 4330 2383 4379; x_wconf 81' lang='lat' dir='ltr'>esse</span> <span class='ocrx_word' id='word_1_504' title='bbox 2403 4310 2494 4379; x_wconf 78' lang='lat' dir='ltr'>dono</span> 
     </span>
     <span class='ocr_line' id='line_1_40' title="bbox 559 4390 2497 4481; baseline 0.002 -19"><span class='ocrx_word' id='word_1_505' title='bbox 559 4390 982 4481; x_wconf 68' lang='lat' dir='ltr'>Guurlgiturdisciplinail</span> <span class='ocrx_word' id='word_1_506' title='bbox 1032 4413 1100 4460; x_wconf 92' lang='lat' dir='ltr'>non</span> <span class='ocrx_word' id='word_1_507' title='bbox 1117 4394 1162 4458; x_wconf 91' lang='lat' dir='ltr'>sit</span> <span class='ocrx_word' id='word_1_508' title='bbox 1175 4392 1326 4458; x_wconf 85' lang='lat' dir='ltr'>meritum</span> <span class='ocrx_word' id='word_1_509' title='bbox 1344 4393 1460 4457; x_wconf 87' lang='lat' dir='ltr'>remis·</span> <span class='ocrx_word' id='word_1_510' title='bbox 1507 4393 1588 4460; x_wconf 74' lang='lat' dir='ltr'>Deiz</span> <span class='ocrx_word' id='word_1_511' title='bbox 1620 4404 1730 4462; x_wconf 86' lang='lat' dir='ltr'>tamen</span> <span class='ocrx_word' id='word_1_512' title='bbox 1763 4417 1833 4463; x_wconf 93' lang='lat' dir='ltr'>non</span> <span class='ocrx_word' id='word_1_513' title='bbox 1865 4399 1948 4463; x_wconf 88' lang='lat' dir='ltr'>satis</span> <span class='ocrx_word' id='word_1_514' title='bbox 1981 4408 2045 4463; x_wconf 89' lang='lat' dir='ltr'>est.</span> <span class='ocrx_word' id='word_1_515' title='bbox 2105 4398 2151 4464; x_wconf 82' lang='lat' dir='ltr'>Er</span> <span class='ocrx_word' id='word_1_516' title='bbox 2182 4400 2227 4464; x_wconf 83' lang='lat' dir='ltr'>ist</span> <span class='ocrx_word' id='word_1_517' title='bbox 2254 4398 2332 4465; x_wconf 82' lang='lat' dir='ltr'>eben</span> <span class='ocrx_word' id='word_1_518' title='bbox 2358 4416 2399 4465; x_wconf 83' lang='lat' dir='ltr'>so</span> <span class='ocrx_word' id='word_1_519' title='bbox 2428 4394 2497 4465; x_wconf 78' lang='lat' dir='ltr'>ciel</span> 
     </span>
     <span class='ocr_line' id='line_1_41' title="bbox 472 4476 2495 4638; baseline 0 0"><span class='ocrx_word' id='word_1_520' title='bbox 472 4567 833 4638; x_wconf 60' lang='grc' dir='ltr'>ι</span> <span class='ocrx_word' id='word_1_521' title='bbox 1015 4479 1210 4633; x_wconf 59' lang='lat' dir='ltr'>antella</span> <span class='ocrx_word' id='word_1_522' title='bbox 1231 4498 1346 4631; x_wconf 75' lang='grc' dir='ltr'>ιιι</span> <span class='ocrx_word' id='word_1_523' title='bbox 1361 4476 1459 4632; x_wconf 70' lang='lat' dir='ltr'>”a</span> <span class='ocrx_word' id='word_1_524' title='bbox 1505 4480 1794 4635; x_wconf 56' lang='lat' dir='ltr'>castuli-</span> <span class='ocrx_word' id='word_1_525' title='bbox 1810 4481 2021 4636; x_wconf 64' lang='lat' dir='ltr'>iletre</span> <span class='ocrx_word' id='word_1_526' title='bbox 2043 4480 2260 4636; x_wconf 51' lang='lat' dir='ltr'>*lestis</span> <span class='ocrx_word' id='word_1_527' title='bbox 2276 4484 2368 4638; x_wconf 61' lang='lat' dir='ltr'>,a</span> <span class='ocrx_word' id='word_1_528' title='bbox 2399 4478 2495 4553; x_wconf 64' lang='lat'>&#39;²¹⁶</span> 
     </span>
     <span class='ocr_line' id='line_1_42' title="bbox 471 4586 2494 4745; baseline 0 -23"><span class='ocrx_word' id='word_1_529' title='bbox 471 4657 622 4722; x_wconf 87' lang='lat' dir='ltr'>retinens</span> <span class='ocrx_word' id='word_1_530' title='bbox 642 4587 818 4739; x_wconf 63' lang='lat' dir='ltr'>pecohtum</span> <span class='ocrx_word' id='word_1_531' title='bbox 835 4587 957 4718; x_wconf 60' lang='lat' dir='ltr'>{odhra</span> <span class='ocrx_word' id='word_1_532' title='bbox 978 4615 1236 4732; x_wconf 78' lang='lat' dir='ltr'>conscientiam,</span> <span class='ocrx_word' id='word_1_533' title='bbox 1269 4586 1458 4739; x_wconf 60' lang='grc' dir='ltr'>ιιοιιίἓςιι·</span> <span class='ocrx_word' id='word_1_534' title='bbox 1507 4589 1567 4719; x_wconf 74' lang='lat' dir='ltr'>dbt</span> <span class='ocrx_word' id='word_1_535' title='bbox 1588 4590 1858 4741; x_wconf 55' lang='lat' dir='ltr'>gratuh,q‹1&#39;uod</span> <span class='ocrx_word' id='word_1_536' title='bbox 1891 4592 1988 4722; x_wconf 67' lang='lat' dir='ltr'>mlhiu</span> <span class='ocrx_word' id='word_1_537' title='bbox 2003 4591 2123 4723; x_wconf 61' lang='lat' dir='ltr'>dhhistt</span> <span class='ocrx_word' id='word_1_538' title='bbox 2147 4586 2494 4745; x_wconf 53' lang='grc' dir='ltr'>0ιιέιῗιῖιθειιιιιθιυῑιιῖηιἘ</span> 
     </span>
     <span class='ocr_line' id='line_1_43' title="bbox 472 4738 2496 4825; baseline 0 -16"><span class='ocrx_word' id='word_1_539' title='bbox 472 4752 620 4809; x_wconf 76' lang='lat' dir='ltr'>noratur:</span> <span class='ocrx_word' id='word_1_540' title='bbox 641 4759 752 4825; x_wconf 87' lang='lat' dir='ltr'>neque</span> <span class='ocrx_word' id='word_1_541' title='bbox 774 4757 998 4822; x_wconf 85' lang='lat' dir='ltr'>perseverans</span> <span class='ocrx_word' id='word_1_542' title='bbox 1019 4740 1054 4805; x_wconf 95' lang='lat' dir='ltr'>iu</span> <span class='ocrx_word' id='word_1_543' title='bbox 1074 4739 1224 4825; x_wconf 87' lang='lat' dir='ltr'>peccatis</span> <span class='ocrx_word' id='word_1_544' title='bbox 1241 4748 1360 4805; x_wconf 89' lang='lat' dir='ltr'>contra</span> <span class='ocrx_word' id='word_1_545' title='bbox 1377 4757 1457 4803; x_wconf 90' lang='lat' dir='ltr'>oon·</span> <span class='ocrx_word' id='word_1_546' title='bbox 1507 4738 1612 4805; x_wconf 83' lang='lat' dir='ltr'>Estne</span> <span class='ocrx_word' id='word_1_547' title='bbox 1633 4741 1701 4806; x_wconf 88' lang='lat' dir='ltr'>hoc</span> <span class='ocrx_word' id='word_1_548' title='bbox 1721 4744 1804 4807; x_wconf 88' lang='lat' dir='ltr'>satis</span> <span class='ocrx_word' id='word_1_549' title='bbox 1826 4744 1869 4808; x_wconf 89' lang='lat' dir='ltr'>ad</span> <span class='ocrx_word' id='word_1_550' title='bbox 1890 4743 2046 4809; x_wconf 87' lang='lat' dir='ltr'>iustitiam</span> <span class='ocrx_word' id='word_1_551' title='bbox 2062 4763 2175 4811; x_wconf 90' lang='lat' dir='ltr'>coram</span> <span class='ocrx_word' id='word_1_552' title='bbox 2190 4742 2290 4811; x_wconf 82' lang='lat' dir='ltr'>Deol</span> <span class='ocrx_word' id='word_1_553' title='bbox 2320 4743 2400 4809; x_wconf 87' lang='lat' dir='ltr'>Non</span> <span class='ocrx_word' id='word_1_554' title='bbox 2420 4753 2496 4825; x_wconf 66' lang='lat' dir='ltr'>este</span> 
     </span>
     <span class='ocr_line' id='line_1_44' title="bbox 473 4822 2495 4919; baseline 0.001 -26"><span class='ocrx_word' id='word_1_555' title='bbox 473 4828 646 4895; x_wconf 90' lang='lat' dir='ltr'>scientiam</span> <span class='ocrx_word' id='word_1_556' title='bbox 659 4822 874 4911; x_wconf 77' lang='lat' dir='ltr'>placetlloot</span> <span class='ocrx_word' id='word_1_557' title='bbox 896 4825 988 4891; x_wconf 84' lang='lat' dir='ltr'>iuxta</span> <span class='ocrx_word' id='word_1_558' title='bbox 1004 4822 1102 4893; x_wconf 85' lang='lat' dir='ltr'>lllud=</span> <span class='ocrx_word' id='word_1_559' title='bbox 1127 4828 1189 4904; x_wconf 80' lang='lat' dir='ltr'>Qui</span> <span class='ocrx_word' id='word_1_560' title='bbox 1205 4830 1350 4910; x_wconf 81' lang='lat' dir='ltr'>fecerint</span> <span class='ocrx_word' id='word_1_561' title='bbox 1368 4827 1457 4909; x_wconf 82' lang='lat' dir='ltr'>hoec,</span> <span class='ocrx_word' id='word_1_562' title='bbox 1507 4826 1586 4913; x_wconf 87' lang='lat' dir='ltr'>quia</span> <span class='ocrx_word' id='word_1_563' title='bbox 1613 4830 1844 4916; x_wconf 85' lang='lat' dir='ltr'>unusquisque</span> <span class='ocrx_word' id='word_1_564' title='bbox 1867 4830 1934 4896; x_wconf 89' lang='lat' dir='ltr'>hoc</span> <span class='ocrx_word' id='word_1_565' title='bbox 1966 4841 2080 4916; x_wconf 88' lang='lat' dir='ltr'>potest</span> <span class='ocrx_word' id='word_1_566' title='bbox 2101 4831 2215 4897; x_wconf 90' lang='lat' dir='ltr'>dicere</span> <span class='ocrx_word' id='word_1_567' title='bbox 2236 4830 2406 4899; x_wconf 89' lang='lat' dir='ltr'>communi</span> <span class='ocrx_word' id='word_1_568' title='bbox 2431 4826 2495 4919; x_wconf 82' lang='lat' dir='ltr'>hy·</span> 
     </span>
     <span class='ocr_line' id='line_1_45' title="bbox 472 4909 2495 5007; baseline 0.001 -25"><span class='ocrx_word' id='word_1_569' title='bbox 472 4934 537 4982; x_wconf 83' lang='lat' dir='ltr'>non</span> <span class='ocrx_word' id='word_1_570' title='bbox 568 4915 783 4999; x_wconf 76' lang='lat' dir='ltr'>possidebunt</span> <span class='ocrx_word' id='word_1_571' title='bbox 818 4930 953 4995; x_wconf 73' lang='lat' dir='ltr'>reoaatm</span> <span class='ocrx_word' id='word_1_572' title='bbox 975 4909 1051 4979; x_wconf 77' lang='lat' dir='ltr'>Det</span> <span class='ocrx_word' id='word_1_573' title='bbox 1104 4910 1205 4993; x_wconf 84' lang='lat' dir='ltr'>ltenr,</span> <span class='ocrx_word' id='word_1_574' title='bbox 1235 4909 1457 4977; x_wconf 84' lang='lat' dir='ltr'>loramentum</span> <span class='ocrx_word' id='word_1_575' title='bbox 1506 4913 1642 5000; x_wconf 87' lang='lat' dir='ltr'>pocrisi,</span> <span class='ocrx_word' id='word_1_576' title='bbox 1664 4936 1740 4982; x_wconf 91' lang='lat' dir='ltr'>oum</span> <span class='ocrx_word' id='word_1_577' title='bbox 1760 4925 1880 4983; x_wconf 90' lang='lat' dir='ltr'>natura</span> <span class='ocrx_word' id='word_1_578' title='bbox 1902 4912 2130 5003; x_wconf 85' lang='lat' dir='ltr'>aliquomodo</span> <span class='ocrx_word' id='word_1_579' title='bbox 2148 4928 2315 5007; x_wconf 78' lang='lat' dir='ltr'>agnoscat</span> <span class='ocrx_word' id='word_1_580' title='bbox 2334 4915 2397 4985; x_wconf 87' lang='lat' dir='ltr'>illa</span> <span class='ocrx_word' id='word_1_581' title='bbox 2412 4934 2495 4985; x_wconf 81' lang='lat' dir='ltr'>asso</span> 
     </span>
     <span class='ocr_line' id='line_1_46' title="bbox 472 4998 1688 5084; baseline 0.001 -19"><span class='ocrx_word' id='word_1_582' title='bbox 472 5001 617 5066; x_wconf 87' lang='lat' dir='ltr'>divinum</span> <span class='ocrx_word' id='word_1_583' title='bbox 638 4999 733 5065; x_wconf 85' lang='lat' dir='ltr'>dicit:</span> <span class='ocrx_word' id='word_1_584' title='bbox 763 5001 833 5066; x_wconf 77' lang='lat' dir='ltr'>lloo</span> <span class='ocrx_word' id='word_1_585' title='bbox 853 5017 920 5084; x_wconf 70' lang='lat' dir='ltr'>epo,</span> <span class='ocrx_word' id='word_1_586' title='bbox 940 5002 1015 5067; x_wconf 84' lang='lat' dir='ltr'>aolo</span> <span class='ocrx_word' id='word_1_587' title='bbox 1035 5007 1171 5066; x_wconf 81' lang='lat' dir='ltr'>mortem</span> <span class='ocrx_word' id='word_1_588' title='bbox 1215 5004 1380 5080; x_wconf 71' lang='lat' dir='ltr'>ecrowrta,</span> <span class='ocrx_word' id='word_1_589' title='bbox 1396 4998 1459 5064; x_wconf 80' lang='lat' dir='ltr'>sed</span> <span class='ocrx_word' id='word_1_590' title='bbox 1507 5002 1596 5068; x_wconf 90' lang='lat' dir='ltr'>dona</span> <span class='ocrx_word' id='word_1_591' title='bbox 1614 5002 1688 5069; x_wconf 87' lang='lat' dir='ltr'>Dei.</span> 
     </span>
     <span class='ocr_line' id='line_1_47' title="bbox 471 5083 1457 5172; baseline -0.005 -19"><span class='ocrx_word' id='word_1_592' title='bbox 471 5096 509 5153; x_wconf 81' lang='grc' dir='ltr'>ιιι</span> <span class='ocrx_word' id='word_1_593' title='bbox 527 5094 733 5153; x_wconf 63' lang='lat' dir='ltr'>coaretatur</span> <span class='ocrx_word' id='word_1_594' title='bbox 749 5095 783 5152; x_wconf 83' lang='lat' dir='ltr'>et</span> <span class='ocrx_word' id='word_1_595' title='bbox 801 5092 893 5152; x_wconf 74' lang='lat' dir='ltr'>oleat</span> <span class='ocrx_word' id='word_1_596' title='bbox 924 5083 988 5152; x_wconf 83' lang='lat' dir='ltr'>Est</span> <span class='ocrx_word' id='word_1_597' title='bbox 1008 5104 1075 5154; x_wconf 90' lang='lat' dir='ltr'>una</span> <span class='ocrx_word' id='word_1_598' title='bbox 1097 5106 1162 5172; x_wconf 92' lang='lat' dir='ltr'>cop</span> <span class='ocrx_word' id='word_1_599' title='bbox 1199 5084 1343 5164; x_wconf 88' lang='lat' dir='ltr'>ativa,o</span> <span class='ocrx_word' id='word_1_600' title='bbox 1390 5094 1457 5149; x_wconf 85' lang='lat' dir='ltr'>rtet</span> 
     </span>
     <span class='ocr_line' id='line_1_48' title="bbox 471 5169 1457 5260; baseline -0.002 -22"><span class='ocrx_word' id='word_1_601' title='bbox 471 5171 544 5238; x_wconf 84' lang='lat' dir='ltr'>lieri</span> <span class='ocrx_word' id='word_1_602' title='bbox 577 5171 848 5238; x_wconf 76' lang='lat' dir='ltr'>conversionem</span> <span class='ocrx_word' id='word_1_603' title='bbox 877 5169 914 5237; x_wconf 97' lang='lat' dir='ltr'>ln</span> <span class='ocrx_word' id='word_1_604' title='bbox 937 5192 991 5254; x_wconf 89' lang='lat' dir='ltr'>eo,</span> <span class='ocrx_word' id='word_1_605' title='bbox 1024 5172 1080 5260; x_wconf 86' lang='lat' dir='ltr'>qui</span> <span class='ocrx_word' id='word_1_606' title='bbox 1113 5182 1311 5259; x_wconf 86' lang='lat' dir='ltr'>perseverat</span> <span class='ocrx_word' id='word_1_607' title='bbox 1398 5170 1457 5236; x_wconf 86' lang='lat' dir='ltr'>de·</span> 
     </span>
    </p>
   </div>
   <div class='ocr_carea' id='block_1_9' title="bbox 470 5254 2495 5431">
    <p class='ocr_par' dir='ltr' id='par_1_10' title="bbox 470 5254 2495 5431">
     <span class='ocr_line' id='line_1_49' title="bbox 470 5254 2337 5339; baseline -0.001 -16"><span class='ocrx_word' id='word_1_608' title='bbox 470 5254 561 5324; x_wconf 88' lang='lat' dir='ltr'>lictis</span> <span class='ocrx_word' id='word_1_609' title='bbox 606 5267 726 5326; x_wconf 88' lang='lat' dir='ltr'>contra</span> <span class='ocrx_word' id='word_1_610' title='bbox 768 5257 1025 5339; x_wconf 87' lang='lat' dir='ltr'>conscientiam,</span> <span class='ocrx_word' id='word_1_611' title='bbox 1069 5279 1137 5326; x_wconf 96' lang='lat' dir='ltr'>non</span> <span class='ocrx_word' id='word_1_612' title='bbox 1175 5269 1226 5325; x_wconf 90' lang='lat' dir='ltr'>est</span> <span class='ocrx_word' id='word_1_613' title='bbox 1265 5256 1454 5323; x_wconf 84' lang='lat' dir='ltr'>conversio.</span> <span class='ocrx_word' id='word_1_614' title='bbox 1695 5300 1705 5318; x_wconf 88' lang='lat'><strong>.</strong></span> <span class='ocrx_word' id='word_1_615' title='bbox 1737 5300 1746 5320; x_wconf 84' lang='grc'><strong>.</strong></span> <span class='ocrx_word' id='word_1_616' title='bbox 2094 5302 2103 5320; x_wconf 93' lang='grc'><strong>.</strong></span> <span class='ocrx_word' id='word_1_617' title='bbox 2328 5301 2337 5321; x_wconf 92' lang='grc'><strong>.</strong></span> 
     </span>
     <span class='ocr_line' id='line_1_50' title="bbox 472 5297 2495 5431; baseline -0.002 -22"><span class='ocrx_word' id='word_1_618' title='bbox 472 5341 600 5411; x_wconf 86' lang='lat' dir='ltr'>Paulus</span> <span class='ocrx_word' id='word_1_619' title='bbox 637 5341 809 5431; x_wconf 78' lang='lat' dir='ltr'>coniungit</span> <span class='ocrx_word' id='word_1_620' title='bbox 842 5344 947 5411; x_wconf 88' lang='lat' dir='ltr'>haec:</span> <span class='ocrx_word' id='word_1_621' title='bbox 989 5348 1098 5431; x_wconf 83' lang='lat' dir='ltr'>Opera</span> <span class='ocrx_word' id='word_1_622' title='bbox 1134 5351 1246 5414; x_wconf 78' lang='lat' dir='ltr'>cornia</span> <span class='ocrx_word' id='word_1_623' title='bbox 1278 5348 1457 5428; x_wconf 76' lang='lat' dir='ltr'>manifesto</span> <span class='ocrx_word' id='word_1_624' title='bbox 1507 5297 1644 5404; x_wconf 64' lang='lat' dir='ltr'>Qum</span> <span class='ocrx_word' id='word_1_625' title='bbox 1693 5311 1816 5413; x_wconf 66' lang='lat' dir='ltr'>¹g¹mf</span> <span class='ocrx_word' id='word_1_626' title='bbox 1863 5302 2172 5415; x_wconf 63' lang='lat' dir='ltr'>reprehendlmr</span> <span class='ocrx_word' id='word_1_627' title='bbox 2216 5300 2495 5391; x_wconf 53' lang='lat' dir='ltr'>Phflfflfleml</span> 
     </span>
    </p>
   </div>
   <div class='ocr_carea' id='block_1_10' title="bbox 470 5420 2314 5602">
    <p class='ocr_par' dir='ltr' id='par_1_11' title="bbox 470 5420 2314 5602">
     <span class='ocr_line' id='line_1_51' title="bbox 470 5420 2314 5536; baseline 0.006 -36"><span class='ocrx_word' id='word_1_628' title='bbox 470 5439 557 5500; x_wconf 73' lang='lat' dir='ltr'>aaut.</span> <span class='ocrx_word' id='word_1_629' title='bbox 600 5428 726 5498; x_wconf 80' lang='lat' dir='ltr'>Postea</span> <span class='ocrx_word' id='word_1_630' title='bbox 742 5429 852 5496; x_wconf 78' lang='lat' dir='ltr'>notit:</span> <span class='ocrx_word' id='word_1_631' title='bbox 884 5438 941 5516; x_wconf 76' lang='lat' dir='ltr'>qm</span> <span class='ocrx_word' id='word_1_632' title='bbox 984 5438 1275 5519; x_wconf 66' lang='lat' dir='ltr'>commeatum</span> <span class='ocrx_word' id='word_1_633' title='bbox 1305 5431 1456 5515; x_wconf 70' lang='lat' dir='ltr'>parade·</span> <span class='ocrx_word' id='word_1_634' title='bbox 1610 5450 1621 5463; x_wconf 92' lang='lat'><em>·</em></span> <span class='ocrx_word' id='word_1_635' title='bbox 1686 5420 1813 5507; x_wconf 80' lang='lat' dir='ltr'>Esme</span> <span class='ocrx_word' id='word_1_636' title='bbox 1843 5422 2052 5536; x_wconf 82' lang='lat' dir='ltr'>disciplina</span> <span class='ocrx_word' id='word_1_637' title='bbox 2081 5452 2146 5509; x_wconf 87' lang='lat' dir='ltr'>res</span> <span class='ocrx_word' id='word_1_638' title='bbox 2175 5422 2314 5512; x_wconf 79' lang='lat' dir='ltr'>malai</span> 
     </span>
     <span class='ocr_line' id='line_1_52' title="bbox 470 5512 1456 5602; baseline -0.002 -17"><span class='ocrx_word' id='word_1_639' title='bbox 470 5517 553 5585; x_wconf 74' lang='lat' dir='ltr'>barat</span> <span class='ocrx_word' id='word_1_640' title='bbox 569 5537 707 5602; x_wconf 71' lang='lat' dir='ltr'>reomau</span> <span class='ocrx_word' id='word_1_641' title='bbox 726 5522 897 5586; x_wconf 80' lang='lat' dir='ltr'>coeloram</span> <span class='ocrx_word' id='word_1_642' title='bbox 980 5520 1037 5586; x_wconf 93' lang='lat' dir='ltr'>icit</span> <span class='ocrx_word' id='word_1_643' title='bbox 1069 5538 1148 5587; x_wconf 85' lang='lat' dir='ltr'>esse</span> <span class='ocrx_word' id='word_1_644' title='bbox 1169 5512 1359 5598; x_wconf 81' lang='lat' dir='ltr'>manifesta,</span> <span class='ocrx_word' id='word_1_645' title='bbox 1390 5516 1456 5583; x_wconf 89' lang='lat' dir='ltr'>soi·</span> 
     </span>
    </p>
   </div>
   <div class='ocr_carea' id='block_1_11' title="bbox 469 5600 2496 5697">
    <p class='ocr_par' dir='ltr' id='par_1_12' title="bbox 469 5600 2496 5697">
     <span class='ocr_line' id='line_1_53' title="bbox 469 5600 2496 5697; baseline 0.005 -28"><span class='ocrx_word' id='word_1_646' title='bbox 469 5600 549 5673; x_wconf 82' lang='lat' dir='ltr'>licet</span> <span class='ocrx_word' id='word_1_647' title='bbox 569 5604 833 5694; x_wconf 69' lang='lat' dir='ltr'>armeniosque</span> <span class='ocrx_word' id='word_1_648' title='bbox 854 5606 1082 5673; x_wconf 79' lang='lat' dir='ltr'>conscientiae</span> <span class='ocrx_word' id='word_1_649' title='bbox 1105 5614 1196 5673; x_wconf 83' lang='lat' dir='ltr'>nota.</span> <span class='ocrx_word' id='word_1_650' title='bbox 1251 5602 1301 5671; x_wconf 81' lang='lat' dir='ltr'>lta</span> <span class='ocrx_word' id='word_1_651' title='bbox 1328 5600 1456 5674; x_wconf 78' lang='lat' dir='ltr'>Paulus</span> <span class='ocrx_word' id='word_1_652' title='bbox 1592 5601 1671 5672; x_wconf 78' lang='lat' dir='ltr'>Nou</span> <span class='ocrx_word' id='word_1_653' title='bbox 1687 5616 1741 5673; x_wconf 84' lang='lat' dir='ltr'>ast</span> <span class='ocrx_word' id='word_1_654' title='bbox 1760 5600 1862 5687; x_wconf 68' lang='lat' dir='ltr'>ndu,</span> <span class='ocrx_word' id='word_1_655' title='bbox 1882 5624 1947 5675; x_wconf 83' lang='lat' dir='ltr'>sno</span> <span class='ocrx_word' id='word_1_656' title='bbox 1969 5624 2115 5695; x_wconf 69' lang='lat' dir='ltr'>generos</span> <span class='ocrx_word' id='word_1_657' title='bbox 2139 5618 2195 5676; x_wconf 84' lang='lat' dir='ltr'>est</span> <span class='ocrx_word' id='word_1_658' title='bbox 2214 5627 2272 5677; x_wconf 84' lang='lat' dir='ltr'>ros</span> <span class='ocrx_word' id='word_1_659' title='bbox 2292 5604 2439 5697; x_wconf 73' lang='lat' dir='ltr'>pulchre</span> <span class='ocrx_word' id='word_1_660' title='bbox 2458 5620 2496 5679; x_wconf 83' lang='lat' dir='ltr'>ot</span> 
     </span>
    </p>
   </div>
   <div class='ocr_carea' id='block_1_12' title="bbox 0 0 2972 6708">
    <p class='ocr_par' dir='ltr' id='par_1_13' title="bbox 0 0 2972 6708">
     <span class='ocr_line' id='line_1_54' title="bbox 0 0 2972 6708; baseline 0 0"><span class='ocrx_word' id='word_1_661' title='bbox 0 0 2972 6708; x_wconf 95' lang='lat' dir='ltr'> </span> 
     </span>
    </p>
   </div>
  </div>
 </body>
</html>
