5934 6709
456 571 458 579 Ι
513 631 556 703 Sl
1148 623 1263 696 Pulla.
1283 622 1387 694 m.
1408 622 1596 696 sonim
1616 621 1882 693 meamus.
2472 629 2518 698 ³2

516 823 626 930 Quid
654 822 853 935 sgnum
881 820 1041 936 eorde
1063 851 1219 915 rm
1237 822 1336 905 mm
1373 831 1492 916 Μ’
1542 808 2522 989 mi,“⁸bbiti⁸.t”.i.tietitii·.tg.·ii

551 980 646 1090 qnia
675 977 741 1062 hic
771 977 917 1061 dicimur
946 976 1069 1077 istum
1099 975 1271 1060 divitem
1300 983 1440 1048 smum
1542 982 1685 1089 isaias
1738 984 1806 1050 odit
1832 1003 1875 1050 oo
1901 983 2013 1089 sopite
2035 984 2064 1051 l.
2091 984 2130 1046 St
2148 993 2283 1066 poema
2302 995 2517 1094 moerus

772 1126 871 1202 '55⁸⁸‘
887 1142 1049 1206 ΜΨ·
1071 1129 1102 1185 ‘t
1123 1121 1237 1206 blm?
1541 1070 2514 1239 ammomcmssogtwoffiydemffit,usrm

601 1278 734 1366 Byssus
755 1286 809 1342 est
827 1295 948 1342 nomen
970 1269 1492 1353 moterioe,noncoloris.1·'nit
1542 1324 1565 1390 d
1626 1322 1706 1390 Hm
1780 1325 1817 1390 ln
1839 1324 1902 1391 ΡΙ
2033 1327 2041 1345 ,

516 1365 648 1451 species
673 1363 924 1450 generosissimi
950 1361 1016 1427 lini.
1072 1360 1282 1425 Nascebatur
1310 1359 1344 1424 in
1372 1356 1490 1424 Palae·
1565 1344 1626 1390 ⁰⁰⁰
1710 1347 1737 1390 f·
1868 1329 1979 1394 ⁰⁰⁰¹*
2000 1339 2097 1392 ‘mm
2119 1328 2243 1395 ⁰r⁰⁸⁰l⁸
2263 1326 2385 1409 hmo
2415 1351 2515 1416 (1ῑῦΙιι

516 1451 623 1529 oona,
648 1460 684 1515 et
710 1448 827 1513 sesso
855 1445 980 1512 Plinius
1006 1440 1285 1528 lm.19.'oop.1.
1320 1443 1490 1515 onom
1540 1422 1664 1475 v⁰⁰³¹¹t
1689 1409 1887 1515 oemio,
1917 1414 2011 1479 cmm
2038 1412 2125 1478 idem
2154 1424 2206 1477 est
2226 1431 2310 1479 usus
2330 1414 2365 1478 in
2387 1418 2515 1503 mgen-

516 1536 658 1598 ΨΜ,
683 1533 830 1614 ,mm
855 1535 922 1594 ,pm
943 1538 1124 1613 mm
1147 1531 1248 1609 fiam
1272 1529 1429 1612 quom„
1453 1537 1490 1592 ,ε
1541 1495 1593 1562 dis
1622 1515 1741 1583 pannus
1768 1493 1882 1562 colora
1909 1496 2104 1584 sanguineo.
2155 1496 2229 1602 llos
2253 1494 2434 1566 Polonicus
2456 1500 2514 1567 ha·

518 1625 605 1697 ouri,
625 1622 758 1701 reperio.
803 1616 985 1684 Crescebat
1010 1628 1120 1684 autem
1144 1616 1180 1680 in
1200 1611 1373 1695 folliculis,
1400 1617 1490 1681 siout
1541 1581 1612 1646 ¹²¹¹st
1638 1581 1718 1646 ΜΘ
1749 1581 1926 1667 (11θῖ8111118
1957 1603 2111 1669 magnum
2145 1581 2315 1688 yeotrgal.·
2353 1586 2423 1652 Sed
2448 1588 2513 1654 mm

516 1715 668 1792 papaver·
692 1704 794 1769 habat
818 1699 1003 1769 folliculos.
1061 1699 1098 1766 ln
1123 1695 1192 1766 illis
1213 1703 1416 1768 nascebatur
1440 1697 1490 1764 la·
1540 1685 1608 1732 ⁰⁰¹¹
1640 1676 1694 1732 θεῖ
1725 1678 1837 1733 “nm
1870 1667 1942 1735 “¹¹¹⁸
1969 1687 2084 1746 Μ’·
2099 1687 2175 1755 ‘1⁰¹⁸
2196 1681 2251 1733 θθῑ
2271 1671 2405 1736 inventa
2425 1692 2514 1739 nov·

516 1810 624 1878 nugo,
648 1809 747 1876 qm,
769 1799 887 1874 poste,
907 1787 1016 1854 „engo
1038 1786 1204 1854 mem
1253 1786 1330 1853 Non
1355 1787 1440 1852 esti
1464 1785 1490 1836 ·‚
1540 1761 1630 1819 terra
1650 1753 1694 1819 ab
1716 1751 1893 1838 Hisponis,
1915 1773 2003 1839 quoe
2024 1755 2163 1820 eundem
2185 1773 2282 1822 usum
2302 1768 2462 1840 praestat.

517 1888 575 1945 tur
596 1876 720 1962 byssus
742 1875 896 1952 tinctura,
917 1875 980 1939 sed
1001 1873 1132 1957 species
1152 1870 1228 1948 lini;
1249 1892 1364 1938 verum
1385 1893 1417 1938 m
1453 1883 1489 1937 to

485 1956 490 1966 ’
517 1960 739 2046 praestantior
759 1970 792 2025 et
813 1954 949 2038 melior,
973 1977 1072 2044 quem
1092 1968 1240 2023 nostrum
1260 1955 1373 2022 baum.
1415 1956 1489 2023 Etsi

517 2058 669 2114 nostrum
691 2064 823 2131 quoque
843 2042 947 2110 linum
967 2039 1066 2110 valde
1087 2054 1141 2109 est
1159 2040 1313 2121 salubr03
1334 2044 1411 2129 quia
1431 2041 1490 2110 lini

517 2144 637 2198 nature
665 2142 719 2195 est
746 2141 939 2206 attenuare,
965 2148 1031 2195 nec
1054 2124 1159 2195 ullum
1184 2139 1409 2215 tegumentum
1435 2139 1490 2196 est
1614 2116 1738 2201 Estne
1767 2128 1997 2229 peccalum,
2027 2119 2165 2202 vestiri
2193 2119 2432 2232 splendide?

517 2217 625 2303 magis
645 2215 895 2280 accomodatum
916 2214 1123 2300 corporibus,
1144 2233 1242 2300 quom
1263 2211 1375 2280 linum.
1413 2213 1489 2301 Ego

562 2310 679 2387 rpetuo
705 2310 781 2365 utor
806 2297 903 2365 lineis
929 2300 1128 2386 tegumentis
1158 2299 1201 2364 ad
1223 2311 1323 2385 caput
1342 2300 1489 2366 munien·
1522 2308 1530 2317 '
1625 2293 1839 2380 Respondeo.
1889 2296 1957 2378 lta,
1987 2308 2040 2365 est
2066 2312 2257 2385 peccatum,
2285 2301 2418 2389 quondo
2445 2321 2514 2368 non

518 2320 612 2462 llum
638 2396 672 2452 et
693 2405 734 2450 ex
758 2386 846 2450 erior
865 2383 973 2451 biems
993 2381 1075 2450 nihil
1095 2381 1214 2451 melius
1235 2403 1314 2450 esse
1334 2386 1378 2451 ad
1399 2382 1490 2453 calo·
1542 2390 1596 2447 est
1616 2382 1747 2461 modus,
1764 2402 1828 2448 nec
1849 2395 2002 2450 servetur
2023 2384 2181 2451 decorum
2202 2388 2396 2453 vocationis.
2437 2386 2514 2461 Qui·

518 2492 590 2537 rem
616 2481 674 2536 not
748 2490 800 2535 em
828 2470 980 2555 corporis
1015 2470 1297 2555 conservandum,
1330 2492 1431 2558 quam
1459 2471 1489 2539 si
1542 2466 1617 2531 dam
1649 2464 1734 2532 civis
1768 2468 1924 2557 Sybarim
1952 2467 2064 2535 habuit
2091 2482 2235 2550 vestem,
2267 2493 2353 2557 quoe
2381 2473 2516 2539 vendita

517 2548 649 2625 indusio
669 2553 765 2643 plura
781 2576 823 2622 er
844 2553 912 2621 lino
935 2552 1090 2622 confecto
1109 2556 1254 2621 induam.
1542 2563 1596 2617 est
1622 2571 1645 2617 a
1671 2555 1776 2638 primo
1809 2552 1991 2641 Dionysio,
2032 2572 2106 2619 cam
2135 2555 2316 2623 delevisset
2346 2556 2514 2644 Sybarim,

604 2640 775 2725 Principes
801 2643 979 2706 utebantur
1000 2640 1122 2726 bysso,
1151 2641 1238 2707 sicut
1258 2639 1357 2706 hodie
1378 2642 1488 2707 serico
1541 2656 1603 2720 pro
1625 2648 1757 2703 centum
1778 2638 1894 2726 viginti
1915 2638 2064 2707 talentis:
2084 2640 2119 2705 id
2140 2654 2204 2721 est,
2220 2662 2281 2729 pro
2303 2643 2516 2730 septuaginta

519 2723 743 2794 subtilissimo.
787 2725 855 2791 Sed
878 2724 967 2792 alind
989 2735 1042 2791 est
1063 2727 1200 2811 byssus,
1223 2722 1314 2792 uliud
1334 2728 1489 2792 sericum.
1543 2722 1675 2788 dnobus
1695 2719 1842 2789 millibus
1865 2736 2105 2792 coronatorum.

518 2812 652 2901 Byssus
674 2823 736 2887 est,
749 2822 783 2876 et
803 2809 927 2898 lanugo
949 2822 982 2877 et
998 2807 1099 2876 linum
1125 2811 1372 2892 nitidissimum,
1399 2814 1489 2898 quod
1627 2806 1799 2882 Quaerunt
1824 2806 1944 2894 aliqui,
1971 2813 2026 2897 qui
2055 2811 2129 2890 liat,
2180 2812 2247 2877 uod
2269 2822 2363 2877 tanta
2384 2813 2449 2877 iam
2472 2816 2517 2880 sit

519 2899 596 2964 inde
631 2897 820 2963 coniicitur:
853 2896 1003 2962 Sericum
1034 2906 1145 2961 autam
1171 2895 1209 2962 fit
1237 2917 1281 2962 ex
1309 2894 1375 2961 dlis
1426 2918 1490 2964 uae
1541 2895 1681 2980 penurie
1701 2895 1881 2978 pecuniae,
1903 2915 1978 2960 cum
2001 2908 2109 2962 tamen
2130 2832 2207 2962 in‘de
2229 2917 2336 2982 usque
2357 2902 2401 2964 ab
2424 2899 2516 2965 initio

519 2985 702 3068 bombyces
735 2993 860 3048 texunt.
912 2981 984 3047 Nos
1011 2999 1171 3047 vocamus
1200 2981 1332 3062 Seideo,
1363 2919 1491 3045 welches
1542 2975 1675 3045 metalla
1707 2978 1927 3047 effodiantur?
1970 2978 2122 3048 caussae
2153 2993 2230 3046 sunt
2252 2985 2375 3049 venae.
2424 2982 2517 3050 Sicut

519 3069 574 3135 dic
599 3066 756 3128 etrmlein
781 3070 921 3148 minoen.
974 3066 1103 3132 Nomen
1125 3069 1231 3139 serici,
1256 3079 1309 3132 est
1334 3089 1356 3133 a
1376 3068 1490 3141 Seres,
1542 3064 1693 3129 homines
1711 3075 1745 3129 et
1762 3061 1866 3149 ligna,
1882 3064 1928 3130 ita
1946 3066 2044 3130 etiam
2065 3064 2200 3132 metalla
2222 3069 2387 3135 deliciunt.
2430 3068 2516 3137 Mul·

520 3173 606 3239 quse
628 3161 681 3219 est
701 3151 877 3237 appellatio
899 3150 1113 3237 populorum,
1139 3154 1229 3238 apud
1256 3173 1343 3238 quos
1367 3175 1492 3241 magno
1542 3160 1613 3215 tum
1645 3150 1743 3214 etiam
1774 3151 1935 3235 pecuniae
1964 3151 2049 3236 perit
2078 3150 2112 3216 in
2140 3153 2253 3238 aquis,
2286 3167 2324 3221 ut
2347 3176 2422 3222 cum
2442 3155 2516 3222 Rex

520 3238 617 3323 copia
648 3248 722 3304 erat
755 3238 963 3324 bombycum.
1023 3234 1151 3304 Sindon
1184 3259 1251 3302 non
1284 3251 1338 3305 est
1368 3260 1490 3306 nomn
1542 3235 1595 3299 An
1620 3231 1705 3299 deus
1727 3236 1872 3300 misisset
1889 3234 2062 3302 Lndovico
2078 3236 2163 3324 Regi
2180 3237 2372 3319 Bobemioe,
2388 3241 2517 3328 gerenti

518 3324 694 3402 materiae,
724 3323 785 3388 sed
810 3321 951 3405 formam
979 3341 1043 3390 seu
1068 3321 1211 3411 figuram
1240 3336 1366 3393 certam
1385 3326 1491 3392 vestis
1542 3321 1585 3387 be
1613 3342 1668 3386 um
1701 3333 1818 3386 contra
1850 3318 2013 3404 Galliam,
2047 3344 2185 3405 novem,
2215 3326 2250 3391 in
2282 3347 2347 3413 qua
2378 3324 2516 3395 multum

519 3409 695 3496 signifieat
738 3407 803 3473 Est
820 3410 853 3474 in
875 3409 1143 3491 praedicamento
1164 3409 1317 3477 Habitus.
1542 3416 1614 3473 erut
1642 3407 1714 3473 auri
1740 3403 1888 3494 Anglicb
1916 3419 1987 3474 toto
2015 3407 2073 3476 illo
2094 3413 2191 3477 novis
2213 3413 2388 3477 submersa
2409 3423 2462 3480 est
2482 3413 2517 3478 in

604 3493 756 3576 Purpura
794 3505 902 3558 autem
940 3490 1041 3558 babet
1076 3514 1198 3562 nomon
1227 3515 1250 3561 a
1282 3494 1397 3561 colore
1428 3516 1492 3562 ceu
1544 3490 1680 3556 Oceano
1711 3490 1922 3560 Germanico.
1977 3492 2028 3558 Ex
2057 3516 2123 3580 quo
2145 3498 2307 3561 maximus
2330 3508 2438 3562 terror
2460 3518 2516 3563 ex·

518 3580 677 3653 tinctura3
732 3579 786 3643 niu
817 3575 894 3643 lona
925 3577 1119 3664 tingebatur.
1145 3598 1249 3647 succo
1277 3577 1492 3647 concharum.
1544 3578 1625 3641 stitit
1645 3578 1679 3642 in
1699 3575 1836 3662 singlis:
1858 3577 1994 3643 multum
2011 3580 2109 3643 etiam
2131 3582 2203 3644 auri
2223 3580 2408 3645 absumitur
2427 3602 2448 3645 a
2492 3583 2516 3646 i·

519 3664 596 3731 Fuit
627 3597 805 3748 magduno
837 3662 970 3746 speclea
1003 3661 1171 3742 conchae,
1201 3684 1287 3751 quae
1320 3665 1493 3732 dicebatur
1544 3663 1708 3726 ctoribusz
1736 3660 1874 3726 multum
1899 3663 1984 3744 perit
2010 3663 2044 3725 in
2071 3666 2171 3727 terris
2192 3666 2403 3729 absconsum

519 3749 678 3854 aequipo,
699 3769 719 3813 a
737 3750 908 3834 πορφυρᾶν,
929 3748 962 3812 id
984 3757 1055 3826 est,
1075 3751 1227 3829 turbare,
1253 3770 1314 3815 seu
1335 3753 1491 3831 miseeret
1542 3745 1690 3830 inprimis
1711 3742 1885 3826 plurimum
1905 3747 2103 3830 impenditur
2124 3748 2284 3814 vestibus

462 3838 474 3845 ··
520 3834 707 3988 em
728 3832 1156 3984 simorum
1544 3826 2516 3990 serre

519 4004 729 4071 Nascebatur
750 4001 808 4068 illo
828 3964 973 4089 species,
984 4001 1134 4071 conchae
1153 4007 1188 4071 in
1206 4007 1307 4071 certis
1323 4004 1410 4075 locis
1427 4028 1493 4072 ma·
1544 4010 1702 4087 quantum
1724 3998 2370 4091 creveritluxus,etiamhooinpar1e.
2409 3968 2517 4072 Etiam

519 4091 587 4169 ris,
617 4091 651 4156 in
679 4087 876 4169 Phoenicia,
904 4099 939 4154 et
965 4088 1084 4155 Ponto.
1138 4090 1210 4156 Sed
1236 4092 1379 4159 omnium
1400 4104 1495 4160 eram
1544 4081 1666 4172 plebeil
1688 4097 1823 4171 gestant
1843 4084 2082 4154 holosericum:
2113 4090 2183 4151 Alie
2205 4090 2323 4153 bedtler
2344 4091 2453 4154 wolleu
2474 4096 2516 4155 ita

520 4175 826 4326 prgesttqa'ntissimae
853 4170 1005 4278 conchae
1029 4174 1246 4283 phoeniciae,
1271 4196 1334 4281 seu
1361 4176 1494 4266 Tyriae,
1545 4178 1811 4322 tytmtlEtrwm·
1855 4171 2087 4323 §ssimmebdest
2111 4196 2242 4261 pannus
2270 4175 2380 4242 lactus
2402 4198 2443 4282 ex
2465 4198 2516 4243 se

520 4281 625 4412 iit.
657 4268 1125 4433 exstitistis
1156 4259 1494 4435 bibistis
1544 4277 1695 4410 itt...
1708 4276 1760 4408 {i
1773 4278 1926 4428 itii..
1950 4278 2014 4431 “di
2037 4261 2517 4431 tibiliittssiiiitf

521 4428 759 4516 imperatorum
781 4443 814 4496 et
834 4431 964 4535 Regum
984 4433 1116 4519 insigne
1131 4430 1203 4501 fuit.
1236 4433 1278 4499 Et
1295 4445 1349 4501 est
1368 4437 1494 4503 amissa
1540 4428 1632 4511 peltz.
1688 4427 1761 4494 Hoc
1793 4449 1861 4495 non
1894 4441 1966 4496 erat
1992 4449 2130 4497 servare
2158 4433 2314 4498 decorum
2340 4453 2515 4518 personae.

1541 1240 1580 1304 lit
1600 1251 1778 1320 eruentus,
1807 1243 1940 1326 quando
1961 1241 2140 1327 imponitur
2159 1254 2270 1322 rotae,
2295 1255 2353 1310 ant
2379 1247 2514 1331 quando
2624 1245 2627 1249 ’

521 4537 666 4604 purpura
690 4539 763 4584 cum
787 4516 937 4602 lmpeno.
1545 4515 1620 4580 Non
1653 4514 1821 4581 decuisset
1852 4512 1990 4580 Paulum
2023 4527 2112 4582 stare
2143 4520 2178 4582 in
2208 4520 2371 4599 umbone,
2402 4519 2518 4586 babitu
2658 4567 2662 4576 -

609 4602 757 4667 Galenus
785 4603 827 4667 de
854 4622 1000 4686 purpnm
1028 4604 1163 4683 scribit,
1194 4606 1283 4690 quod
1310 4607 1496 4694 aegrotarit
1544 4600 1700 4678 Neronis,
1721 4610 1779 4665 out
1799 4599 1990 4684 pontificum
2012 4599 2247 4669 Romanorum.
2290 4602 2449 4690 Virgilius
2471 4608 2518 4673 in·

522 4684 703 4775 aliqnando
734 4687 923 4754 Antoninus
955 4685 1145 4773 Imperator.
1205 4689 1261 4755 Ad
1298 4689 1388 4757 hunc
1421 4712 1496 4758 cum

522 4774 597 4861 ipse
628 4785 770 4841 vecutus
803 4784 914 4852 esset,
945 4773 1043 4839 iussit
1071 4793 1147 4840 eum
1174 4785 1302 4842 tantum
1329 4777 1396 4864 tegi
1418 4799 1495 4864 pur.
1546 4706 1689 4845 Quando
1711 4768 1812 4836 lulius
1833 4771 1955 4836 insedit
1976 4791 2075 4857 equo,
2096 4770 2158 4840 fuit
2179 4775 2312 4843 indutus
2335 4796 2419 4862 sago
2440 4799 2518 4861 pun·
2654 4796 2658 4808 ¹

522 4881 618 4946 pura,
633 4870 666 4927 et
687 4861 855 4926 obstinere
876 4878 983 4946 usque
1004 4860 1047 4925 ad
1069 4880 1254 4946 vesperem.
1293 4859 1367 4928 lloo
1394 4864 1494 4929 modo
1547 4875 1667 4941 pureo,
1689 4870 1724 4923 ut
1746 4854 1860 4922 Duces
1894 4867 1928 4921 et
1956 4860 2120 4943 capitanei
2145 4879 2220 4927 eum
2241 4875 2465 4947 agnoscerent
2484 4864 2519 4927 in

523 4945 695 5012 restitutus
717 4958 770 5011 est
790 4945 972 5030 imperator
993 4945 1141 5011 sanitati.
1169 4945 1280 5013 credo
1301 4946 1407 5015 sulsse
1428 4969 1495 5014 ma-
1546 4939 1691 5026 proelio,
1724 4952 1758 5007 ct
1789 4953 1826 5007 ut
1857 4940 1979 5008 milites
2013 4965 2087 5011 eum
2116 4946 2341 5012 discernerent
2369 4949 2411 5012 ab
2434 4945 2518 5014 aliis.

524 5049 626 5117 gnam
646 5032 717 5097 eius
738 5035 805 5098 vim
826 5033 859 5096 in
881 5028 1069 5097 valetudine
1097 5034 1337 5100 conservande·
1387 5032 1495 5119 Saepe
1547 5026 1645 5101 Quod
1667 5028 1697 5091 si
1717 5029 1908 5112 promiscue
1931 5049 2045 5096 omnes
2074 5030 2260 5097 voluissent
2286 5046 2421 5119 gestare
2441 5056 2519 5119 pur·

524 5116 623 5182 etiam
645 5116 719 5181 co‘
755 5118 805 5195 vi,
831 5117 1042 5181 omissionem
1070 5137 1235 5204 purpurae
1262 5115 1367 5184 fnisse
1399 5139 1496 5185 omen
1547 5133 1674 5200 puram,
1692 5110 1784 5178 nulla
1805 5111 1925 5180 fuisset
1946 5116 2121 5183 distinctio.
2165 5116 2215 5183 lta
2235 5117 2291 5182 hic
2312 5119 2437 5183 abusus
2461 5117 2521 5185 fuit

523 5201 674 5265 interitus
728 5203 838 5267 omani
858 5198 1005 5285 lmperii3
1033 5201 1109 5288 quia
1137 5224 1204 5268 una
1225 5225 1300 5270 oum
1322 5214 1412 5272 statu
1435 5202 1496 5269 flo·
1548 5198 1732 5264 divitiarum
1765 5201 1799 5264 in
1831 5199 1895 5264 isto
1929 5201 2043 5266 divite:
2078 5202 2166 5286 quod
2196 5223 2271 5267 cum
2300 5218 2391 5269 esset
2419 5204 2520 5272 bomo

524 5297 618 5352 rente
639 5284 908 5350 Monarcbiurum
930 5288 1077 5352 cessavit
1096 5310 1251 5374 purpura.
1547 5285 1708 5369 privatus,
1731 5284 1872 5350 induitur
1895 5298 1987 5352 veste
2010 5307 2185 5373 purpurea,
2204 5309 2267 5354 nec
2290 5291 2374 5373 gerit
2395 5310 2433 5356 se
2456 5313 2518 5374 pro

612 5369 709 5444 Quod
726 5391 788 5437 nos
805 5371 904 5436 hodie
921 5391 1082 5437 vocamus
1099 5374 1273 5445 soborloclt,
1289 5394 1357 5443 non
1376 5386 1498 5460 aequat
1549 5371 1736 5436 conditione
1756 5390 1922 5458 personae
1944 5392 2037 5436 suae.

526 5456 705 5523 bonitatem
738 5476 915 5543 purpurae.
970 5455 1007 5520 ln
1041 5456 1151 5524 Gellia
1177 5460 1407 5541 Narbonensi,
1438 5460 1497 5526 Hi·

1568 4686 1631 4750 uit:
1652 4683 1698 4748 nt
1718 4684 1825 4746 sellum
1846 4693 1877 4746 et
1898 4686 2034 4747 trabeam
2039 4740 2050 4770 ,
2078 4691 2236 4772 noomiqtoe
2257 4691 2396 4772 insignio
2417 4695 2515 4773 regni.
