5934 6709
514 604 587 673 255
1156 601 1270 669 PHlL.
1292 599 1398 667 hlEL.
1421 596 1609 665 SCRIPTA
1632 596 1895 663 EXEGE'l'lCA.
2294 642 2298 650 «
2343 616 2345 623 ’
2466 597 2533 665 aas

516 798 643 863 minare
661 814 788 881 genus,
818 810 998 875 possiunns
1021 792 1144 870 dicare,
1167 802 1398 878 argumentum
1421 807 1500 854 essa
1637 787 1697 851 llis
1730 785 1934 872 argumentis
1968 797 2020 849 est
2053 784 2150 850 vobis
2183 787 2358 863 utendum
2397 790 2532 871 quando

517 903 560 949 01
583 881 710 947 Minori.
1551 873 1696 938 scribitis
1723 874 1767 937 ud
1790 883 1949 955 patronos
1972 885 2116 936 vestros.
2161 868 2222 936 list
2250 882 2348 957 grata
2370 874 2420 938 eis
2443 895 2532 941 com·

603 966 639 1032 st
661 965 717 1030 ille
739 977 791 1031 est
813 965 858 1030 ita
881 965 1040 1049 prudens,
1063 963 1167 1027 multo
1189 964 1297 1047 magis
1320 983 1413 1027 ros..
1437 960 1500 1025 Est
1551 959 1756 1037 memoratio,
1780 968 1814 1022 et
1836 958 1932 1022 vobis
1955 968 1987 1022 et
2008 954 2074 1021 illis
2098 969 2149 1022 est
2171 955 2405 1049 consolationi.
2450 958 2532 1027 hlihi

516 1054 683 1132 usitatum,
705 1053 793 1137 quod
816 1049 966 1135 exempla
985 1050 1320 1114 suntantoretiamah
1334 1047 1497 1113 hostibus.
1523 1059 1528 1101 t
1551 1067 1617 1110 non
1641 1046 1774 1110 dubium
1796 1055 1860 1122 est,
1882 1045 1960 1128 quin
1974 1042 2068 1108 Deus
2090 1041 2202 1109 multis
2225 1041 2397 1109 beneficiis
2420 1058 2533 1113 osten·

519 1140 562 1206 Ut
584 1137 805 1222 pulcherrime
821 1139 924 1221 inquit
942 1133 1147 1219 Sophocles:
1170 1133 1239 1197 ’4πό
1260 1137 1383 1219 ἐχθρῶν
1400 1131 1500 1198 πολλὰ
1523 1106 1528 1153 ¹
1551 1134 1607 1197 dat
1629 1131 1890 1196 misericordiam
1913 1151 2007 1195 suam
2040 1127 2126 1208 illis,
2160 1132 2216 1212 qui
2239 1126 2452 1197 benefaciunt
2474 1135 2519 1199 mi

434 1222 439 1231 ”
515 1225 723 1308 μανθάνωσιν
745 1228 774 1286 oi
796 1232 894 1307 capot.
927 1224 990 1287 Eia
1010 1221 1162 1306 ieplicher
1183 1241 1252 1285 rmts
1279 1223 1344 1284 viel
1376 1223 1499 1298 tanat,
1549 1218 1711 1295 nisterio,
1748 1230 1780 1281 et
1812 1212 1927 1280 levent
1960 1216 2086 1289 studia,
2117 1217 2186 1282 Oba
2214 1216 2313 1282 schoa
2352 1217 2441 1283 nicht
2469 1221 2530 1287 aii-

515 1332 579 1379 oon
600 1314 709 1376 seinea
726 1309 872 1391 iaudat,
895 1312 950 1374 dic
971 1308 1034 1374 idm
1055 1317 1208 1392 erttpepen
1224 1309 1304 1374 sein.
1335 1304 1500 1372 Hannibal
1549 1306 1609 1369 :eit
1627 1304 1722 1390 pedet
1727 1350 1740 1382 ,
1778 1305 1836 1367 wie
1857 1311 1916 1368 ron·
1938 1304 2067 1381 wellen,
2107 1317 2218 1367 tamen
2247 1315 2325 1367 suut
2354 1303 2530 1373 manifesta

518 1399 636 1465 erudiit
658 1397 808 1474 Fabium,
831 1408 864 1461 et
886 1397 1008 1460 Fabius
1031 1395 1149 1460 erudiit
1171 1392 1402 1458 Hannibalem.
1433 1393 1499 1456 Ha·
1549 1388 1700 1475 exempla
1722 1390 1852 1455 divinae
1873 1388 2092 1473 praesentiae.
2123 1387 2280 1453 Homines
2295 1392 2393 1455 etiam
2405 1391 2532 1458 habent

518 1486 575 1550 bet
599 1485 740 1549 eundem
763 1480 964 1547 versiculum
987 1483 1101 1546 Aristo
1126 1481 1244 1546 hanes:
1283 1481 1332 1544 „th
1353 1478 1499 1545 hostibus
1572 1488 1689 1542 acuatu
1711 1473 1826 1553 rnulta,
1849 1476 1986 1540 domnrb
2008 1495 2117 1540 :nosen
2145 1477 2192 1540 sie
2218 1476 2301 1541 cuch
2323 1496 2450 1560 poenas
2471 1477 2530 1545 lto·

518 1573 619 1637 muita
651 1572 779 1636 ccccm
807 1568 979 1652 sapienties.
1025 1566 1079 1630 leh
1145 1567 1183 1632 be
1202 1567 1268 1631 ciel
1287 1585 1414 1630 musaea
1434 1568 1497 1630 iet·-
1549 1500 1620 1629 hen:
1645 1575 1677 1627 et
1700 1575 1809 1629 tamen
1832 1561 1926 1627 Deus
1948 1562 2075 1646 mitigat
2097 1582 2225 1646 poenas
2247 1573 2382 1648 propter
2403 1560 2461 1630 illa
2474 1566 2531 1631 be·

517 1676 579 1721 aen
599 1675 661 1722 cett
681 1674 801 1720 carm
821 1656 1033 1721 adversariis.
1077 1654 1214 1719 Ferrum
1235 1649 1333 1734 ferro
1356 1654 1497 1717 accitur.
1547 1649 1677 1717 neficia.
1720 1649 1796 1714 Das
1816 1648 1897 1713 beist
1925 1648 2008 1714 aucit
2033 1651 2184 1732 recipere
2205 1649 2239 1713 in
2262 1664 2398 1714 aeterna
2420 1652 2530 1716 taber·

516 1740 645 1830 Singuli
680 1741 782 1806 multa
808 1743 967 1805 discimus
996 1741 1118 1819 abiis,
1152 1761 1239 1824 quos
1272 1739 1497 1804 existimamus
1547 1732 1678 1802 nacula.
1723 1735 1886 1799 Addenda
1916 1746 2099 1801 astantem
2123 1748 2155 1800 et
2177 1735 2274 1800 tertia
2296 1732 2432 1803 solutio:
2466 1735 2529 1803 Re·

495 1832 615 1895 nobis
650 1824 727 1894 csse
760 1828 919 1905 infestos,
948 1838 981 1892 et
1009 1826 1064 1912 qui
1087 1823 1324 1912 belligerantur
1345 1822 1400 1891 vel
1422 1846 1497 1890 cum
1547 1826 1666 1906 cipieat
1686 1842 1745 1887 eos
1767 1825 1801 1885 in
1822 1822 2202 1888 oetmnotobernacrdo:
2225 1833 2277 1886 est
2294 1822 2527 1908 synecdoche.

517 1916 745 1990 simonibus,
782 1911 836 1977 rel
858 1934 931 1977 cum
966 1924 1054 1978 statu
1088 1925 1215 1977 nostro.
1262 1912 1311 1977 lta
1333 1912 1398 1976 hoc
1420 1909 1497 1977 loco
1548 1909 1658 1975 Debet
1676 1904 1816 1994 intcHigi
1837 1908 1978 1992 primum
2002 1913 2158 1987 omnium,
2183 1905 2339 1973 Christus
2361 1905 2527 1977 Dominus

568 2004 671 2068 ristus
705 2001 796 2085 ponit
830 1998 1019 2085 exemplum
1047 2021 1068 2063 a
1089 1997 1195 2063 medis.
1248 1997 1377 2063 Wierooi
1397 2018 1433 2063 es
1454 2000 1497 2062 ist
1547 1994 1735 2073 Ecclesiae,
1757 2007 1791 2059 et
1813 1994 1965 2058 conditor
1987 1991 2076 2059 illius
2097 1995 2223 2059 aeterni
2244 1993 2463 2064 tabernaculi.

515 2088 608 2154 mehr
639 2109 661 2153 a
693 2088 825 2152 Minori.
875 2088 912 2150 Si
945 2083 1000 2150 Hle
1033 2098 1085 2149 est
1119 2086 1160 2149 de
1193 2086 1281 2150 victu
1322 2082 1497 2163 sollicitus,
1634 2081 1856 2167 Esar·91cit·en
1878 2080 1958 2145 ubet·
1979 2081 2063 2147 acolt
2084 2080 2196 2146 attiche
2215 2082 2343 2148 derasas
2369 2083 2412 2149 de
2433 2082 2529 2153 cuttu

474 2178 477 2182 ’
515 2189 642 2259 quanto
665 2176 771 2258 magis
794 2193 868 2250 ros,
889 2175 945 2258 qui
968 2173 1050 2237 estis
1071 2173 1105 2236 in
1123 2168 1288 2249 Ecclesia,
1322 2171 1368 2236 ita
1390 2168 1495 2237 collo·
1546 2181 1752 2235 sanctorum.
1803 2165 1996 2232 Benefacite
2027 2169 2174 2244 sanctiS,
2208 2166 2255 2233 iili
2290 2170 2433 2235 orabunt
2465 2192 2527 2257 pro

519 2272 592 2326 cate
615 2264 800 2345 pecuniam,
822 2271 858 2324 ut
879 2262 912 2323 in
936 2260 1024 2323 omni
1047 2260 1242 2325 aeternitate
1264 2259 1361 2322 vobis
1377 2259 1494 2343 prosit.
1547 2256 1655 2320 vobis.
1700 2253 1787 2327 Quid
1810 2254 1864 2318 hic
1886 2264 1939 2318 est
1960 2252 2189 2320 sentiendum?
2210 2253 2424 2341 Respondeo.
2452 2257 2528 2325 Sin·

513 2421 517 2429 ,
603 2347 670 2410 lum
703 2344 791 2411 velle
823 2343 992 2410 collocare
1025 2346 1198 2429 pecuniam
1216 2346 1248 2409 in
1268 2345 1481 2410 ministerium
1545 2339 1617 2494 {pli
1639 2342 1800 2407 debemus
1823 2362 1920 2406 orare
1941 2364 2004 2427 pro
2027 2343 2200 2420 omnibus,
2228 2343 2284 2428 qui
2314 2340 2528 2411 benefaciunt

518 2447 609 2498 certe
631 2433 767 2516 requirit
788 2432 1034 2518 cogitationem,
1057 2433 1099 2496 de
1121 2442 1191 2495 tota
1215 2431 1436 2497 conversione
1453 2430 1496 2494 ad
1520 2444 1524 2461 ⁸
1596 2427 1733 2493 clesiac.
1761 2425 1822 2493 llle
1843 2440 1895 2492 est
1917 2431 2082 2513 pessimus
2104 2441 2137 2494 et
2158 2429 2401 2514 ingratissimus
2412 2430 2527 2512 homo,

516 2516 636 2595 Deum,
671 2518 812 2596 deiide,
846 2520 887 2582 de
910 2514 1081 2582 voluntate
1103 2516 1179 2593 Dei,
1213 2520 1253 2579 de
1276 2518 1396 2581 iudicio
1420 2515 1496 2593 Dei,
1545 2515 1688 2601 quinon
1713 2526 1786 2578 orat
1815 2535 1877 2599 pro
1910 2516 1993 2598 piis,
2026 2516 2082 2601 qui
2105 2512 2281 2580 Ecclesiae
2304 2516 2526 2585 benefaciunt

516 2604 559 2669 da
580 2602 692 2669 futura
713 2606 927 2679 aeternitate3
949 2605 1026 2667 inde
1048 2605 1186 2689 potestis
1203 2604 1363 2678 iudicare,
1387 2602 1495 2688 qualis
1545 2601 1594 2666 lta
1616 2601 1723 2666 sancti
1745 2613 1842 2665 orant
1863 2621 1925 2686 pro
1948 2598 2022 2666 aliis
2044 2605 2078 2666 in
2099 2598 2165 2666 hac
2180 2601 2261 2667 vita:
2284 2600 2525 2671 Commendant

517 2692 560 2755 sit
582 2692 709 2754 insania
732 2711 859 2766 eorum,
881 2690 937 2774 qui
958 2689 1495 2774 hanegravissimamsententiam
1545 2708 1659 2752 eorum
1680 2686 1821 2752 salutem
1835 2686 1920 2752 Deo.
1955 2684 2086 2752 Deinde
2108 2689 2206 2752 etiam
2227 2689 2347 2769 sancti,
2370 2692 2425 2776 qui
2447 2705 2526 2759 sunt

516 2773 721 2841 transferunt
736 2778 779 2840 ad
793 2774 1001 2860 corruptelas
1015 2776 1187 2841 doctrinae
1200 2775 1242 2840 de
1262 2775 1339 2853 lide,
1362 2777 1495 2860 quando
1545 2775 1578 2838 in
1603 2771 1712 2853 coelo,
1735 2793 1854 2839 revera
1875 2785 1972 2839 orant
1992 2794 2056 2858 pro
2078 2772 2244 2854 Ecclesia,
2268 2780 2461 2843 scordion
2480 2779 2527 2843 sie

516 2865 566 2929 sic
587 2873 878 2949 argumentantur:
1545 2869 1638 2941 sonet
1667 2859 1744 2925 than
1775 2863 1819 2924 im
1850 2858 1989 2942 limmat,
2022 2858 2195 2926 celebrant
2216 2858 2341 2941 Deum,
2374 2874 2409 2928 et
2430 2874 2528 2932 orant

1040 3013 1041 3016 ,
1546 2967 1608 3032 pro
1630 2946 1814 3012 miserrima
1835 2943 1990 3012 Ecclesia
2008 2947 2041 3011 in
2064 2948 2171 3012 terris.

500 3060 504 3068 ·
602 3034 753 3101 Christus
784 3035 837 3100 dic
867 3035 949 3099 dict:
972 3041 1115 3120 propter
1147 3034 1227 3098 baec
1259 3053 1360 3118 opera
1391 3035 1500 3118 recipi
1633 3033 1706 3119 Ego
1740 3054 1815 3097 cum
1849 3053 1959 3098 essem
1990 3033 2023 3097 in
2047 3049 2216 3101 conventu
2235 3032 2457 3116 Hatlsbonae,
2491 3052 2526 3107 et

642 3120 784 3188 lomim:
805 3132 840 3186 tn
859 3129 996 3187 octana
1017 3121 1247 3187 tube-nantia:
1547 3119 1743 3205 Gropperus
1762 3118 1936 3186 habuisset
1956 3117 2092 3207 longam
2116 3122 2459 3189 commemorationem
2479 3146 2525 3191 ex

602 3206 691 3294 Erpo
713 3209 798 3273 botta
819 3227 922 3292 opera
942 3215 1106 3273 mercarer
1125 3213 1226 3273 vitam
1247 3214 1423 3274 neumata.
1546 3205 1748 3291 Augustino,
1781 3209 1872 3292 quod
1890 3209 2000 3274 sancti
2024 3218 2178 3274 curarent
2198 3228 2250 3288 ea,
2304 3228 2367 3275 uae
2388 3224 2468 3276 sunt
2489 3211 2524 3277 iu

706 3308 712 3327 ·
1547 3306 1648 3370 tarra,
1670 3292 1752 3357 dixi:
1802 3294 1859 3358 uid
1881 3306 1934 3359 ast
1955 3314 2041 3378 opus
2063 3291 2121 3359 illa
2142 3305 2211 3360 tam
2230 3229 2361 3379 prillixa
2381 3316 2526 3364 comam

601 3379 729 3445 Contra
760 3391 825 3445 nos
854 3380 1031 3458 docemus,
1064 3380 1154 3464 qnod
1187 3378 1288 3444 homo
1318 3380 1497 3464 recipiatur
1546 3378 1751 3445 moratione?
1780 3313 1912 3445 lutatis
1945 3381 1997 3459 id,
2036 3370 2126 3466 §uod
2158 3382 2366 3467 Augustinus
2397 3384 2528 3473 scribit,

536 3477 651 3550 ropter
684 3463 799 3549 Filium
840 3465 920 3546 Dei,
958 3486 1026 3531 non
1059 3475 1195 3549 propter
1228 3475 1345 3530 nostra
1382 3484 1496 3549 opera.
1545 3467 1656 3533 statim
1668 3463 1930 3532 esseanticulum
1947 3466 2047 3532 fideii
2067 3465 2209 3534 Habetis
2227 3465 2439 3537 manifestum
2457 3484 2527 3541 tea·

513 3487 610 3618 hicat
630 3561 740 3616 textus
762 3552 883 3637 inquit:
918 3550 997 3616 Non
1019 3550 1249 3637 iustificabitur
1269 3553 1304 3616 in
1325 3559 1497 3635 conspectu
1546 3564 1615 3619 tum
1628 3554 1671 3618 de
1688 3550 1855 3639 colloquio
1871 3549 1965 3619 Eliae
1982 3565 2016 3619 et
2032 3551 2151 3620 bloisis
2170 3576 2245 3621 cum
2256 3554 2400 3625 Christo.
2434 3556 2526 3648 Erga

515 3644 571 3702 tuo
602 3643 704 3702 moab
734 3638 854 3701 vicens.
909 3635 1111 3721 Respondes
1152 3637 1291 3721 primurn
1323 3638 1396 3702 sine
1427 3635 1496 3703 ullu
1546 3641 1654 3707 sancti
1681 3636 1871 3706 afficiuntur
1893 3662 1975 3706 cura
1997 3661 2128 3722 eorum,
2162 3663 2247 3730 qune
2270 3643 2351 3712 hunt
2373 3645 2408 3710 in
2423 3658 2524 3713 terra.

513 3720 716 3808 sophistica.
763 3721 838 3787 Vita
868 3733 1005 3787 aeterna
1033 3733 1086 3787 est
1108 3725 1207 3787 etiam
1229 3724 1411 3808 praemium
1432 3744 1495 3809 pro
1547 3726 1652 3792 Orant
1669 3748 1730 3811 pro
1752 3722 1908 3791 Ecclesia
1929 3728 1962 3792 in
1985 3739 2084 3808 terra,
2118 3731 2196 3814 quid
2220 3728 2312 3796 aliud
2330 3744 2471 3820 agerent
2490 3735 2524 3800 is

512 3805 579 3875 illis
600 3809 772 3894 operibus;
830 3829 1002 3894 :tamquam
1024 3819 1077 3873 est
1097 3805 1164 3873 alia
1186 3829 1325 3887 caussa,
1358 3821 1496 3896 propter
1547 3809 1665 3878 coelo?
1688 3808 1878 3890 Pulchrum,
1900 3813 2021 3892 aiebat,
2043 3814 2189 3881 hocest:
2211 3816 2346 3904 Agebat
2360 3818 2438 3886 milri
2473 3841 2524 3886 ra·

512 3915 612 3982 quam
644 3896 752 3960 datur.
796 3829 927 3959 Heinde
959 3906 1095 3960 aeterna
1121 3892 1340 3962 tabernacula
1371 3896 1495 3983 signifi·
1545 3899 1625 3971 tias,
1663 3899 1754 3984 quod
1787 3898 2038 3966 confirmassem
2072 3897 2161 3968 illius
2195 3908 2401 3973 sententiam.
2450 3841 2526 3975 had

514 3991 592 4049 cant
614 3981 809 4046 societatem
831 3983 975 4046 omnium
998 3983 1161 4048 bonorum
1176 3977 1351 4047 Ecclesiae
1372 3984 1406 4047 in
1429 3982 1494 4048 hac
1544 3985 1622 4050 inde
1643 4005 1710 4049 non
1732 3986 1900 4070 sequitur:
1921 3987 2011 4075 Erpo
2031 3997 2105 4056 sumt
2122 3993 2313 4073 invocandi,
2334 3994 2411 4080 qrria
2432 3994 2525 4061 iuro·

512 4066 593 4145 vita,
615 4078 648 4131 et
666 4079 745 4152 post
760 4065 848 4132 hanc
872 4067 983 4132 vitam.
1011 4066 1088 4133 Das
1108 4070 1152 4134 ist
1163 4068 1218 4132 die
1229 4066 1341 4133 rcchte
1352 4066 1490 4135 Salutio.
1545 4072 1633 4136 catio
1663 4084 1712 4137 rst
1740 4068 1807 4137 alia
1839 4094 1906 4140 res.
1952 4074 2112 4144 invocare
2140 4092 2280 4145 sanctos
2302 4094 2355 4147 est
2378 4081 2526 4155 tribuere

601 4153 750 4220 Christus
769 4155 835 4218 :oili
854 4155 926 4220 adso
947 4174 1063 4239 saper:
1084 4152 1134 4218 Tu
1156 4153 1259 4218 Onesi
1282 4151 1365 4219 hore
1387 4157 1492 4221 debes
1546 4156 1634 4223 omni
1659 4159 1815 4224 otentiam
1836 4163 1976 4242 sanctis,
1995 4152 2032 4228 'et
2053 4160 2198 4231 officium
2220 4164 2427 4235 hlediatoris.

512 4236 714 4306 benefacere
735 4237 841 4307 Paulo
864 4252 896 4305 et
918 4237 992 4305 aliis
1015 4241 1174 4306 ministris
1193 4177 1383 4307 Ecclesiae:
1412 4255 1492 4309 tuna
1630 4179 1698 4308 led
1733 4246 1833 4311 redeo
1867 4247 1910 4312 ad
1932 4250 2074 4332 priorem
2097 4250 2324 4319 obiectionem.
2369 4251 2525 4323 Christus

510 4323 606 4391 Deus
628 4327 687 4391 tihi
710 4328 801 4392 dabit
822 4328 971 4412 praemia
991 4327 1025 4392 in
1048 4325 1113 4393 bac
1135 4328 1219 4407 vita,
1251 4341 1283 4394 ct
1305 4329 1491 4414 posthanc
1545 4342 1597 4395 est
1629 4344 1730 4417 caput
1762 4325 1953 4400 Ecclesiae:
1986 4332 2177 4421 Recipimur
2208 4339 2308 4424 igitur
2333 4360 2355 4404 a
2376 4339 2525 4423 Christo,

511 4411 620 4477 vitam.
664 4417 859 4479 Sanctorum
894 4413 1057 4480 beneficia
1083 4426 1251 4481 merentur
1272 4411 1375 4480 multa
1420 4436 1491 4481 rae·
1543 4428 1577 4481 et
1597 4431 1736 4504 propter
1748 4417 1928 4500 Christum,
1951 4434 2069 4506 postea
2086 4424 2227 4508 pertinet
2243 4424 2309 4491 buc
2321 4422 2404 4493 illud
2414 4425 2524 4495 Pauli:

509 4498 585 4563 mia
639 4497 746 4563 Etiam
777 4501 811 4564 ln
845 4498 909 4565 bac
943 4501 1010 4566 vita
1042 4503 1281 4568 benedicuntur
1314 4498 1368 4565 fac
1405 4513 1491 4567 tates
1542 4502 1580 4568 ln
1602 4503 1734 4571 Christo
1755 4514 1787 4572 et
1803 4515 1944 4591 propter
1966 4506 2129 4574 Christum
2157 4518 2233 4576 scot
2259 4531 2366 4579 urmes
2384 4522 2524 4598 promta·

510 4584 676 4669 priorum,
708 4597 844 4670 propter
865 4585 1136 4658 beneficentiam,
1166 4599 1202 4653 ut
1222 4588 1359 4655 dicitur:
1390 4586 1491 4667 Date,
1542 4591 1648 4657 riom
1675 4599 1791 4671 ratae,
1824 4605 1859 4657 et
1891 4607 2029 4678 propter
2058 4592 2150 4661 illum
2183 4596 2305 4664 benelit
2335 4597 2524 4681 Ecclesiae,

509 4677 542 4737 ct
573 4671 707 4738 dabitur
737 4673 838 4739 cohib.
882 4672 977 4739 item:
1009 4676 1113 4740 Amen
1144 4674 1327 4740 diooomis:
1358 4680 1390 4740 si
1419 4676 1493 4759 pub
1543 4677 1640 4744 etiam
1662 4677 1695 4742 in
1717 4676 1781 4743 huc
1798 4679 1878 4745 vita.
1923 4677 2006 4745 Cum
2030 4681 2129 4768 igitur·
2151 4683 2319 4763 obiicitur:

508 4759 638 4825 dederit
671 4770 782 4843 potum
815 4778 920 4841 carme
954 4762 1111 4842 sucidae.
1144 4759 1275 4827 habebit
1302 4764 1490 4827 mercedem.

507 4841 557 4908 lta
570 4841 697 4910 Paulus
720 4847 814 4911 dicit:
835 4849 926 4911 Deru
942 4848 1001 4912 det
1017 4850 1265 4913 mmoictionem
1280 4845 1491 4931 ompmro,
1627 4848 1777 4916 abacos
1805 4851 1904 4920 diat:
1932 4853 2102 4939 lleeipr'ent
2123 4875 2182 4921 oo:
2203 4853 2237 4921 in
2257 4867 2393 4925 aetem
2414 4859 2522 4926 mcc·

506 4933 583 5013 quic
615 4951 666 4996 mc
686 4934 814 5015 refecit.
863 4929 1004 4996 Habetis
1037 4929 1139 4999 multa
1161 4928 1314 5018 exempla
1344 4946 1377 4998 et
1400 4934 1491 4998 dicta
1669 4938 1802 5003 necuim
2180 5002 2185 5013 ,

508 5013 709 5081 dulcissima.
737 5017 879 5092 Quando
898 5015 1028 5082 lesabel
1052 5016 1184 5085 volebat
1206 5017 1394 5085 interlicere
1412 5041 1489 5104 pro·
1511 5017 1517 5072 Ι
1627 5021 1718 5108 Erpo
1732 5031 1873 5109 propter
1896 5045 1999 5110 opem
2018 5028 2205 5112 recipimur.

505 5099 627 5188 phetas
648 5103 820 5169 auditores
848 5101 975 5170 Heliae.
1021 5104 1150 5170 Abdias
1172 5105 1354 5171 custodivit
1375 5117 1410 5170 et
1432 5127 1489 5190 pa·
1511 5078 1516 5172 l

435 5258 437 5263 ,
505 5187 730 5281 νὶῑιιιιαςιιαω
763 5191 892 5256 turbam
916 5187 1079 5256 inclusam
1108 5192 1142 5256 in
1171 5188 1359 5275 speluncis,
1390 5189 1488 5256 Deus
1625 5191 1836 5279 Respondeo.
1870 5194 1930 5262 Est
1953 5197 2193 5286 synecdoche:
2216 5200 2523 5288 quiacomprchen·
2599 5242 2603 5248 ·

504 5272 655 5340 ricrssim
688 5275 835 5341 defendit
867 5272 957 5342 illum
980 5278 1089 5362 ipsum
1111 5287 1143 5343 et
1164 5275 1259 5344 alios.
1304 5275 1489 5344 Eunuchus
1540 5279 1626 5346 ditur
1636 5278 1803 5361 Christus,
1824 5295 1961 5369 propter
1983 5305 2081 5372 quem
2101 5285 2325 5374 principaliter
2338 5303 2371 5354 et
2379 5290 2522 5374 primunr

503 5363 592 5446 apud
616 5381 731 5446 regem
752 5359 934 5430 Zadaltiam
961 5378 1076 5433 servat
1096 5365 1303 5433 Hieremiam.
1346 5363 1391 5432 Et
1414 5363 1487 5429 Hie·
1538 5366 1724 5451 recipimur.
1769 5367 1911 5456 Propter
1942 5374 2082 5438 eundem
2108 5374 2206 5441 etiam
2237 5376 2403 5442 donantur
2430 5374 2523 5445 buna

502 5448 627 5513 raurias
650 5448 730 5514 dicit
751 5450 796 5516 ei:
821 5455 1022 5538 Ouumpaam
1043 5451 1275 5538 Hierosolymo
1290 5453 1490 5530 cacum,
1540 5450 1741 5538 corporalia.
1785 5452 1897 5521 Siris
1923 5455 1989 5524 frui
2016 5460 2114 5525 bonis
2143 5459 2338 5542 Ecclesiae,
2369 5462 2523 5533 vicissltn

504 5543 612 5600 amam
633 5542 668 5601 ta
688 5540 757 5604 σήν
776 5539 954 5606 tamtam
1539 5548 1577 5605 tu
1608 5538 1801 5609 benefacias
1834 5540 2018 5611 Ecclesiae.
2070 5542 2156 5618 Quid
2185 5559 2238 5615 est
2263 5546 2407 5617 iustiori
2439 5536 2524 5637 quld
