5934 6709
474 666 540 734 115
908 694 912 701 ¹
1108 664 1222 731 PlllL.
1245 663 1351 732 Mlti..
1378 664 1568 733 SCRll‘TA
1589 663 1853 733 mastica,
2425 668 2489 735 116

471 856 622 924 Domine,
656 857 727 938 qnia
754 855 940 917 nudabit?
992 854 1067 920 Nor
1089 856 1210 935 sociam
1227 857 1367 935 furarer
1386 858 1456 918 irae
1506 853 1693 940 probabilis
1718 872 1840 919 caussa
1862 854 2066 933 remittendi,
2093 864 2131 920 ut
2152 857 2286 940 quaudo
2307 856 2489 926 instituitur

472 963 572 1015 meae,
594 944 670 1024 qaia
692 941 780 1003 Deus
801 963 882 1014 rum,
905 961 968 1003 aon
988 941 1088 1005 domo.
1505 937 1732 1007 reconciliatio
1757 961 1831 1006 cum
1853 939 1981 1027 aliquo,
2004 951 2081 1026 post
2102 937 2234 1006 facinus
2257 943 2450 1009 admissum.

559 1027 713 1096 Affirmat
735 1048 774 1091 se
791 1028 1014 1114 mitigaturum
1037 1048 1115 1094 esse
1136 1046 1279 1113 poenas:
1324 1029 1453 1107 rimam,
1592 1027 1702 1112 Saepe
1714 1038 1851 1112 propter
1868 1045 2073 1092 communem
2092 1025 2373 1113 tranquillitatem,
2389 1050 2488 1117 opor·

472 1114 550 1204 quia
567 1135 665 1180 nemo
684 1116 792 1201 possit
808 1116 882 1179 sine
900 1111 1194 1180 exitioferrelrum
1205 1112 1279 1179 Dei.
1347 1115 1454 1193 einde,
1504 1124 1553 1179 tet
1575 1113 1767 1179 condonare
1788 1109 1917 1197 aliquos
1940 1113 2088 1193 iniuriae,
2111 1125 2146 1177 ut
2170 1126 2246 1198 post
2267 1128 2486 1202 recuperatas

473 1197 554 1288 quia'
572 1202 605 1266 lu
628 1201 797 1287 puniendo
814 1199 1041 1289 principaliter
1057 1211 1186 1289 spectat
1202 1201 1452 1289 poenitentiam
1505 1197 1656 1265 Athenas
1685 1195 1917 1284 Thrasybulus
1947 1200 2058 1265 sanxit
2086 1198 2266 1280 ἀμνηστίαν,
2299 1214 2332 1267 ει
2360 1202 2488 1271 Romae

472 1300 506 1353 et
528 1289 801 1367 emendationem,
825 1308 891 1353 non
914 1288 1089 1353 interitum.
1126 1287 1284 1353 Homines
1298 1297 1454 1371 spectant
1504 1299 1584 1370 post
1616 1283 1825 1352 interfectum
1858 1282 1992 1364 lulium,
2024 1282 2116 1350 facta
2149 1297 2200 1350 est
2234 1290 2419 1355 transactio
2454 1299 2488 1356 et

471 1376 505 1440 in
527 1376 578 1439 ira
600 1396 663 1440 sua
684 1372 840 1440 ultionem
863 1376 1011 1461 privatae
1032 1375 1210 1451 vindictae,
1231 1385 1265 1438 et
1286 1373 1453 1438 interitum
1505 1393 1579 1437 com
1604 1372 1701 1436 ositio
1723 1372 1829 1457 pacis,
1848 1392 1988 1457 eamque
2006 1370 2220 1437 vehementer
2237 1375 2344 1440 suasit
2355 1373 2488 1441 Cicero.

471 1462 742 1528 adversariorum
764 1481 918 1526 suorum:
939 1458 1036 1527 Deus
1057 1472 1182 1539 eutem,
1205 1460 1338 1546 quando
1360 1459 1453 1544 punit
1476 1496 1480 1571 Ι
1504 1458 1562 1525 Sic
1581 1394 1781 1542 l’hilosophi
1813 1458 2032 1542 praecipiunt=
2064 1456 2106 1539 μή
2132 1468 2339 1541 μνησικακεῖν,
2361 1463 2394 1527 id
2422 1473 2489 1542 est,

472 1546 617 1613 Sanctos
639 1558 779 1633 paterna
801 1548 1033 1633 castigatione,
1050 1545 1122 1615 vult
1139 1566 1200 1613 eos
1222 1566 1387 1613 revocare
1409 1545 1452 1611 ad
1503 1565 1565 1606 aaa
1587 1546 1737 1626 persequi
1762 1564 1865 1605 ornnes
1890 1546 2034 1606 triarios.
2091 1544 2167 1609 Non
2195 1559 2328 1632 oportet
2354 1567 2488 1635 semper

471 1635 719 1718 poenitentiam.
1476 1595 1481 1743 l
1505 1632 1696 1697 desummo
1719 1631 1790 1695 iure
1811 1629 1909 1695 nimis
1931 1628 2098 1695 subtiliter
2121 1631 2307 1717 disputare:
2332 1634 2428 1720 quia,
2450 1646 2488 1700 ut

558 1718 653 1785 'fallu
675 1720 764 1786 diota
785 1720 910 1785 debent
931 1737 1011 1784 esse
1027 1719 1061 1785 in
1079 1732 1277 1805 conspectu,
1297 1739 1366 1785 non
1382 1728 1454 1783 tan·
1505 1718 1640 1795 dicitur,
1674 1715 1709 1779 ad
1742 1721 1811 1779 liar
1844 1713 1965 1781 δίκαιον
1996 1716 2152 1803 πρόφασίς
2179 1722 2243 1783 ἐστι
2273 1721 2325 1798 τῆς
2357 1718 2487 1795 ἀδικίας.

471 1817 540 1871 tum
567 1816 605 1872 ut
632 1805 860 1872 discernamus
883 1805 1114 1872 remissionem
1136 1803 1254 1892 culpae
1276 1816 1310 1872 et
1329 1825 1453 1891 poena·
1504 1801 1627 1866 Subtile
1658 1805 1723 1874 iar,
1757 1809 1805 1863 ert
1836 1809 1956 1864 tontum
1985 1810 2172 1883 praeteritas
2204 1807 2387 1868 irziastitioe.
2450 1806 2488 1874 st

471 1912 545 1957 rum
568 1889 818 1977 temporalium,
840 1893 901 1958 sed
925 1892 1022 1959 etiam
1044 1903 1081 1959 ut
1102 1893 1264 1959 imitemur
1286 1890 1453 1958 clamores
1506 1890 1581 1977 quis
1608 1885 1707 1954 laesit
1733 1888 1776 1953 de
1805 1889 1910 1954 verbo
1938 1900 1995 1956 aut
2023 1884 2115 1956 facto
2136 1887 2267 1977 aliquo,
2290 1893 2488 1977 praesertim

474 1975 675 2045 Sanctorum
697 1981 875 2064 petentium
897 1978 1133 2067 mitigationem
1154 1999 1344 2064 poenarum.
1506 1978 1536 2042 si
1558 1994 1614 2040 res
1637 1994 1704 2039 non
1727 1985 1780 2039 est
1801 1976 1912 2061 magni
1934 1977 2108 2055 momenti,
2131 1977 2236 2042 debes
2254 1979 2488 2059 remitterent

1504 2081 1628 2149 pareas
1649 2062 1815 2126 communi
1833 2061 1987 2126 societati
2011 2073 2045 2127 et
2065 2059 2252 2129 Ecclesiae.

1591 2145 1654 2212 Est
1690 2144 1867 2231 pulchrum
1904 2147 2027 2212 dictum
2063 2146 2209 2215 Cornelii
2242 2143 2350 2213 Gelai:
2388 2148 2488 2227 Multi

1478 2232 1482 2339 p
1505 2235 1612 2315 mopm'
1632 2233 1732 2294 morbi
1753 2238 1902 2295 wraatra
1927 2235 2031 2315 quiete
2059 2241 2091 2295 et
2119 2235 2319 2297 obsffneatia.
2369 2233 2407 2299 ld
2428 2255 2487 2302 ve·

1478 2346 1483 2399 3
1505 2340 1578 2383 rum
1601 2331 1654 2382 est
1675 2318 1773 2384 etiam
1797 2319 1839 2382 de
1862 2320 2020 2385 moribus.
2072 2319 2111 2385 st
2132 2322 2208 2407 quis
2231 2318 2349 2386 febrim
2372 2318 2487 2403 habet,

1478 2404 1482 2422 '
1506 2406 1537 2469 ei
1559 2406 1718 2490 optimum
1741 2415 1793 2469 est
1819 2405 1853 2468 in
1874 2405 2037 2510 principio
2061 2425 2140 2510 esse
2183 2408 2316 2511 uictum„
2327 2418 2362 2472 et
2383 2407 2487 2514 abstl·

853 2557 1032 2622 ...m
1505 2488 1883 2662 acroama
1900 2487 2487 2646 zt.tti¹¹.t¹.;¹¹¹..tdoitia

558 2642 649 2725 5⁷9⁰
665 2664 729 2705 ”⁰¹⁸
744 2644 842 2706 (ΗΜ
856 2644 1195 2727 ΡΟΜΥΨΜΜ
1210 2644 1287 2706 ΝΜ
1297 2644 1454 2714 diluam?
1506 2662 1614 2740 dium,
1643 2683 1743 2748 quam
1771 2661 1940 2749 patientia.
1990 2663 2076 2730 Nam
2104 2662 2159 2728 hic
2182 2684 2314 2752 quoque
2337 2666 2487 2733 curando

1290 2770 1293 2777 ’
1506 2746 1579 2813 fieri
1601 2748 1762 2834 quaedam
1784 2748 1898 2835 peiora
1920 2748 2087 2828 videmus,
2107 2749 2262 2824 ‘Vulnera
2280 2771 2360 2833 quae
2379 2752 2488 2815 mlier

560 2829 610 2897 lta
631 2851 713 2897 vero
735 2828 948 2899 solverentur
969 2853 1085 2898 omnes
1109 2843 1313 2900 contractus.
1358 2832 1455 2900 Simi·
1504 2855 1569 2896 aoo
1590 2836 1732 2915 tetipisre
1748 2835 1823 2913 fait.
1874 2833 1912 2901 Si
1939 2854 2008 2901 non
2030 2832 2184 2902 volumus
2206 2847 2345 2903 uosuae
2365 2837 2488 2906 utilita-

472 2915 551 2984 liter
573 2916 826 2984 confirmaretur
846 2915 980 2985 licentia
1001 2916 1240 3006 petulantibus.
1272 2919 1328 2985 An
1344 2919 1456 2985 remit·
1505 2920 1549 2986 tis
1579 2939 1702 2985 caussa
1730 2917 1880 3006 perferre
1910 2916 2148 3008 aliquantulam
2176 2923 2346 3004 iniuriam,
2375 2934 2488 2995 tamea

473 3004 609 3069 tendum
631 3016 685 3070 cst
712 3001 926 3090 simpliciter,
958 3004 997 3067 Si
1022 3008 1095 3090 pais
1121 3004 1276 3069 occiderit
1308 3012 1456 3089 opuntem
1507 3002 1687 3073 consulere
1704 3007 1864 3073 dehemus
1886 3008 1961 3157 paci
1982 3005 2211 3093 Reipublicae.

474 3098 574 3163 tumre,
599 3098 655 3152 aut
675 3093 819 3171 rapuerit
841 3092 901 3153 titt
922 3094 1083 3174 coniupem
1101 3100 1157 3154 uui
1173 3091 1295 3172 filimi
1591 3091 1757 3158 [laurices
1789 3091 1886 3158 Marc
1910 3093 1959 3172 io,
1992 3092 2114 3160 Comes
2143 3095 2185 3160 de
2211 3094 2372 3174 Nassaw,
2406 3114 2484 3160 cum

560 3175 773 3263 Respondeo.
807 3177 902 3244 Sicut
920 3180 1070 3244 anteade
1087 3179 1314 3244 misericordia
1332 3179 1455 3244 dictum
1505 3174 1745 3245 sollicitaretur
1766 3199 1787 3245 a
1808 3179 2004 3265 quibusdam
2026 3180 2070 3244 ad
2092 3179 2337 3265 suscipiendum
2358 3176 2486 3247 bellum

474 3274 543 3345 est,
571 3265 618 3330 ita
647 3261 703 3328 hic
731 3265 829 3329 etiam
857 3266 1006 3330 iubemur
1033 3264 1216 3346 remittere,
1247 3262 1377 3331 sedicet
1398 3263 1455 3330 ubi
1507 3275 1625 3329 contra
1645 3262 1912 3354 Irandpravium,
1935 3266 1979 3330 ad
1999 3267 2263 3351 recuperandum
2286 3264 2488 3332 comitatum

473 3360 527 3416 est
548 3346 735 3437 probabilis
759 3369 884 3417 caussa
907 3352 1106 3418 reudttendi.
1156 3351 1291 3437 Siquis
1312 3349 1399 3417 latro
1421 3361 1456 3416 te
1504 3347 1822 3438 llatzenelnbogeu,
1849 3371 1913 3416 nec
1942 3353 2099 3418 deessent
2131 3351 2348 3430 occasionem
2375 3362 2489 3418 tantm

405 3455 413 3474 ·
471 3438 610 3503 invadat
631 3436 665 3502 in
687 3457 791 3524 agro,
813 3447 848 3502 et
868 3435 950 3503 velit
971 3447 1004 3503 te
1025 3434 1231 3517 interficere,
1260 3458 1328 3502 non
1350 3438 1455 3503 debes
1506 3437 1654 3523 gravitm
1675 3437 1866 3520 respondit:
1887 3436 1963 3501 Noa
1984 3444 2030 3500 est
2052 3437 2130 3500 milri
2150 3441 2235 3501 tanti
2255 3445 2342 3501 rotas
2361 3437 2416 3500 iiie
2437 3458 2488 3499 ro·

473 3524 505 3589 ei
527 3523 706 3602 remittere,
727 3522 791 3588 sed
813 3520 995 3588 defendere
1016 3523 1118 3590 vitam
1139 3534 1241 3589 tuam.
1284 3522 1378 3589 llaec
1400 3524 1457 3588 de·
1504 3524 1642 3595 natam,
1659 3529 1695 3585 at
1712 3530 1884 3605 propterea
1906 3524 1995 3585 eelim
2017 3525 2143 3586 turbare
2161 3523 2367 3587 Germaniam.
2400 3523 2489 3586 Deru

473 3607 582 3675 fensio
606 3618 659 3674 est
679 3606 951 3760 ἓυτίεἰιιειιιταΙίε
973 3621 1009 3677 ει
1030 3608 1142 3674 divini.
1187 3608 1273 3674 Nam
1294 3605 1458 3676 naturalia
1505 3608 1597 3760 piabit
1617 3630 1675 3679 suo
1691 3616 1847 3691 temperer
1868 3611 1956 3677 sicut
1973 3610 2106 3677 taudem
2124 3607 2217 3678 facta
2231 3622 2288 3678 est
2303 3608 2487 3678 moseos

476 3707 555 3762 sunt
575 3693 658 3760 iuris
702 3695 792 3761 iviu.
1516 3714 1587 3761 ure.

563 3778 648 3858 Cum
678 3800 831 3848 essemus
857 3781 893 3846 in
914 3791 1083 3847 conventu
1105 3777 1363 3860 Retisbonensi,
1384 3789 1457 3845 erat
1591 3778 1683 3845 ldem
1703 3776 1806 3847 multo
1828 3782 1936 3868 magis
1957 3800 2022 3847 nos
2050 3779 2213 3848 faciamus
2239 3782 2275 3848 in
2301 3783 2404 3849 rebus
2428 3780 2488 3847 ml·

477 3866 610 3955 quidam
638 3888 766 3952 pauper
794 3880 980 3946 mercator,
1010 3878 1045 3933 et
1072 3866 1205 3952 quidem
1226 3867 1372 3952 hospes,
1400 3865 1457 3951 qui
1505 3866 1663 3942 nuribus3
1690 3885 1758 3931 non
1779 3867 2004 3935 anteferamus
2027 3868 2223 3955 cupiditates
2245 3880 2381 3936 nostras
2402 3864 2489 3933 utill-

475 3952 617 4033 ludebat,
633 3953 666 4017 in
689 3953 831 4040 quadam
853 3951 968 4040 platea
983 3954 1135 4020 iaciendo
1154 3950 1258 4040 globo
1275 3954 1320 4018 ad
1335 3949 1456 4018 ferien-
1506 3953 1566 4016 tati
1594 3952 1776 4032 conrmuni,
1807 3965 1838 4018 et
1864 3952 2094 4040 tranquillitati
2121 3952 2307 4021 Ecclesiae.
2359 3952 2490 4040 conte

476 4041 539 4107 das
582 4040 768 4125 yramides,
788 4059 852 4105 nos
873 4060 1036 4107 vocamus
1057 4038 1177 4121 haebr,
1196 4040 1274 4102 oder
1290 4039 1347 4102 der
1368 4036 1460 4120 kepel
1507 4058 1581 4103 mus
1614 4034 1712 4118 illud,
1752 4041 1841 4125 quod
1881 4052 1975 4105 recte
2011 4041 2110 4105 etiam
2143 4038 2211 4118 huc
2243 4039 2491 4107 accommodari

476 4061 627 4188 scheilm.
679 4124 857 4192 Transibat
886 4122 965 4191 illac
991 4125 1180 4212 Hispanus,
1211 4145 1310 4231 quem
1336 4145 1375 4190 se
1400 4142 1457 4190 ue-
1507 4135 1622 4209 potest
1644 4126 1686 4190 de
1704 4126 1918 4192 cunctatione
1939 4125 2051 4193 Fabii:
2082 4125 2157 4190 Noa
2174 4126 2315 4210 pooedot
2338 4129 2420 4189 erim
2440 4146 2490 4189 rs·

709 2341 886 2426 Valetne
917 2355 1223 2455 argumentum:

476 4214 574 4281 batur
596 4211 767 4292 canicula,
797 4233 896 4298 quam
917 4209 1062 4278 habebat
1083 4213 1115 4276 in
1139 4209 1285 4292 delictis,
1312 4230 1396 4277 aaa
1444 4246 1457 4259 ·
1507 4229 1607 4273 mores
1628 4218 1701 4273 orate
1722 4210 1863 4277 solertem.

476 4300 586 4364 trabat
619 4311 856 4381 mercatorem,
894 4310 930 4364 et
965 4295 1124 4364 fortassis
1161 4298 1309 4365 laeserat
1340 4314 1457 4362 morsu

477 4404 556 4490 crus
579 4385 662 4490 eius.
696 4384 867 4451 Mercator
886 4385 896 4449 i
922 4385 988 4451 'tur
1009 4385 1112 4471 abigit
1135 4380 1331 4463 cauimrlam,
1351 4394 1385 4449 et
1406 4402 1458 4447 ar-

476 4466 1457 4643 idtittithffli.theitfrido?siit
1508 4508 1573 4594 De
1604 4536 1686 4621 qua
1715 4509 1867 4591 verua
1894 4508 2137 4621 praecinitur
2163 4509 2206 4592 in
2228 4509 2314 4594 aas
2336 4507 2491 4594 verso.

477 4641 649 4728 Hispanus
671 4643 871 4728 insequitur,
894 4653 927 4708 et
948 4654 999 4708 ter
1019 4663 1082 4728 per
1102 4640 1192 4708 illam
1213 4640 1375 4729 plateam,
1401 4641 1458 4706 ubi
1780 4656 1884 4729 9020,
1907 4663 1939 4718 ,t
1960 4656 2089 4719 dabit„
2109 4657 2220 4722 ,σεεμς

475 4727 605 4795 luserat
622 4729 705 4807 iste,
727 4727 805 4796 hinc
826 4728 905 4794 inde
925 4725 1106 4816 fugientem
1133 4729 1361 4815 persequitur3
1387 4737 1458 4792 tau·

477 4816 608 4880 demin
631 4816 729 4881 tertio
753 4816 980 4881 circumcursu
997 4816 1114 4902 arripit.
1129 4827 1296 4880 mercator
1312 4802 1460 4900 §ludium
1595 4808 1762 4895 Praecipit
1794 4809 1850 4876 hio
1878 4807 2033 4876 Christus
2067 4811 2110 4877 de
2142 4809 2383 4890 beneficentia,
2409 4806 2493 4877 Vult

477 4898 616 4967 alterius
651 4903 695 4966 ibi
730 4902 912 4979 iacentem3
945 4913 979 4968 et
1014 4922 1089 4967 com
1121 4899 1291 4986 Hispanus
1324 4907 1460 4986 urgeret
1510 4915 1574 4963 nos
1596 4891 1796 4962 benefacere
1816 4892 1908 4979 aliis,
1927 4897 2045 4961 iuvare
2067 4895 2221 4978 consilio,
2243 4894 2490 4975 consolatione,

476 4989 607 5067 isunr,
627 4999 665 5053 ut
686 5008 726 5054 se
748 4986 944 5055 defenderet
964 4989 1082 5054 stricto
1104 4984 1235 5074 gladio,
1258 5006 1333 5052 eum
1350 4997 1459 5051 uuus
1510 4978 1739 5061 facultatibus.
1795 4980 1927 5049 Rursus
1954 4996 2064 5049 autem
2091 4985 2183 5049 addit
2212 4984 2491 5068 promissionem

491 5075 574 5141 odit.
616 5071 699 5139 Mox
720 5074 852 5140 ducitur
873 5076 907 5139 in
928 5094 1111 5141 carcerem.
1155 5071 1220 5147 Qui
1239 5081 1394 5157 praeerat
1415 5073 1460 5136 iu·
1510 5068 1649 5131 Dabitur
1679 5068 1778 5132 vobis.
1832 5068 1905 5134 Nec
1938 5081 1991 5133 est
2022 5070 2204 5134 absurdum
2238 5070 2369 5146 dicere,
2400 5068 2494 5153 quod

477 5158 591 5240 diciis,
619 5160 717 5225 iussit
744 5161 926 5227 examinari
955 5170 1077 5241 testes,
1105 5171 1141 5226 et
1168 5159 1222 5225 bis
1250 5156 1391 5236 auditis,
1412 5156 1460 5222 di·
1510 5153 1605 5222 Deus
1628 5167 1823 5304 compenset
1845 5153 2016 5220 beneficiis
2038 5155 2110 5219 suis
2131 5164 2281 5220 nostram
2305 5151 2493 5220 beneficen-

477 5246 566 5313 misit
587 5265 673 5312 euro.
1512 5243 1607 5321 tiam,
1641 5253 1675 5307 ει
1731 5242 1868 5308 abemus
1900 5235 2086 5326 exemplum
2120 5239 2240 5305 viduae
2274 5238 2492 5326 sareptanae.

564 5330 660 5399 llaec
680 5329 819 5419 politica
840 5329 966 5398 habeut
989 5352 1087 5399 suum
1107 5328 1220 5399 locum
1242 5342 1276 5397 ει
1298 5328 1460 5395 ordinem.
1511 5326 1585 5392 Nec
1607 5327 1742 5394 dubium
1765 5338 1834 5403 est,
1864 5325 1942 5411 quin
1964 5322 2061 5391 Deus
2083 5326 2203 5392 reddat
2225 5327 2372 5413 praemia
2393 5327 2495 5392 etiam

476 5418 554 5485 Nou
576 5420 680 5485 debes
702 5420 885 5498 remittere,
912 5418 972 5483 sed
996 5418 1083 5485 tueri
1109 5429 1144 5484 te
1171 5417 1340 5485 adversus
1359 5412 1461 5481 latro·
1511 5413 1545 5478 in
1567 5411 1631 5478 buc
1653 5414 1723 5479 vita
1743 5414 1797 5493 iis,
1817 5413 1872 5498 qui
1889 5408 2101 5478 benefaciunt
2117 5406 2291 5481 Ecclesiae
2309 5424 2342 5479 ει
2363 5412 2494 5481 discen·

477 5526 563 5572 nem.
608 5504 657 5571 lta
679 5527 744 5573 uec
765 5501 814 5570 illi
835 5504 1002 5571 remittere
1026 5505 1142 5585 debes,
1176 5505 1209 5570 ui
1231 5502 1304 5572 vult
1324 5502 1384 5569 tibi
1404 5520 1460 5566 res
1510 5500 1599 5565 tibus
1621 5497 1783 5566 Salomon
1804 5497 1838 5564 iu
1863 5497 1924 5563 uit:
1949 5496 2013 5569 Qtri
2032 5498 2092 5563 dot
2109 5500 2330 5585 alamannam
2342 5501 2495 5583 pauperi,

477 5594 717 5678 tuaseripere.
761 5588 847 5659 Sunt
868 5601 979 5659 manen
1000 5589 1111 5687 aliium
1147 5658 1154 5685 ·.
1194 5586 1461 5671 mauseuli
1512 5587 1823 5669 weipidtrrarara
1939 5605 1992 5647 no.
2131 5632 2134 5636 .
2368 5648 2371 5653 ,
