5934 6709
483 764 546 831 nn
1275 759 1387 828 earn.
1410 758 1514 826 aaa.
1536 757 1724 828 scarrra
1746 756 2009 827 marries.
2103 740 2108 748 '
2199 800 2202 805 -
2436 760 2503 827 an

411 952 422 974 ⁸
484 965 554 1018 tres
576 972 651 1018 cam
673 952 751 1018 totis
773 947 906 1016 familiis
928 951 1041 1055 vagati
1062 961 1141 1016 sunt
1157 950 1293 1016 incertis
1316 950 1465 1017 sedibus.
1519 950 1625 1016 terte.
1659 950 1820 1037 Loquitur
1841 952 1888 1016 ibi
1908 948 2004 1017 Deus
2027 952 2068 1015 de
2089 949 2296 1038 mitigatione
2316 951 2388 1019 irae
2406 971 2504 1034 suae,

570 1038 735 1123 Tempore
756 1034 941 1125 Martyrum
964 1037 1059 1101 erecti
1083 1050 1161 1103 sunt
1178 1034 1369 1117 Christiani,
1393 1058 1467 1102 cum
1520 1057 1619 1124 qaam
1642 1058 1708 1102 non
1730 1036 1802 1104 vult
1825 1049 1927 1103 totam
1950 1037 2147 1117 accendere,
2172 1037 2258 1103 sicut
2279 1040 2435 1104 ieremias
2456 1049 2504 1104 et·

481 1125 627 1190 maxima
648 1122 853 1190 multitudine
876 1144 918 1187 ex
936 1124 1091 1203 urbibus,
1126 1135 1160 1188 et
1188 1121 1277 1206 pulsi
1297 1123 1331 1187 in
1355 1119 1466 1189 exiha.
1518 1126 1583 1190 iam
1605 1124 1727 1211 inquit,
1760 1125 1847 1207 qnod
1868 1123 1961 1190 Deus
1987 1125 2022 1187 ia
2047 1125 2118 1206 ira,
2150 1124 2395 1191 misericordiae
2422 1144 2505 1192 sisae

482 1215 589 1296 Saepe
621 1211 720 1276 etiam
750 1231 828 1276 cum
860 1206 1100 1295 aliquantulum
1127 1210 1300 1297 progressi
1321 1206 1466 1291 inerunt,
1518 1212 1721 1290 recordetur,
1750 1219 1781 1275 et
1802 1212 1895 1294 quoe,
1910 1212 2076 1295 poeniteat
2093 1231 2163 1275 eum
2179 1211 2266 1275 mab.
2306 1209 2393 1277 Tota
2411 1210 2502 1277 Scri·

482 1297 666 1362 immensae
683 1306 763 1361 sunt
784 1308 912 1361 turmae
934 1296 1093 1381 equitnm,
1115 1315 1202 1380 quae
1215 1307 1467 1379 prosternerent
1518 1308 1617 1382 ptura
1638 1317 1740 1383 saepe
1761 1298 1860 1363 nobis
1881 1292 2028 1362 inculcat
2049 1294 2139 1363 hunc
2159 1294 2313 1362 affectum
2331 1295 2397 1377 Dei
2420 1317 2503 1386 erga

480 1379 575 1449 iliam
608 1384 762 1448 miseram
790 1394 823 1447 et
849 1379 1016 1454 imbellem
1049 1379 1307 1461 multitudinem,
1339 1382 1372 1446 in
1400 1402 1467 1467 qua
1518 1402 1601 1462 nos,
1632 1396 1669 1448 ut
1691 1384 1789 1448 etiam
1810 1385 1897 1448 inter
1918 1402 2046 1468 poenes
2069 1383 2287 1466 respiciamus
2310 1386 2354 1449 ad
2375 1384 2503 1452 miseri·

481 1465 577 1536 multi
598 1480 692 1534 erant
713 1470 820 1554 pueri,
865 1466 984 1549 uellae,
1006 1480 1189 1547 matronae,
1211 1487 1325 1548 senes,
1354 1488 1466 1534 sacer·
1519 1469 1665 1535 cordiam
1693 1468 1775 1549 Dei,
1803 1483 1837 1535 et
1868 1480 2020 1554 petcrnus
2052 1471 2151 1534 nobis
2185 1471 2329 1557 mitigari
2361 1490 2504 1553 poenas,

481 1555 598 1620 dotes:
632 1565 665 1620 et
696 1564 808 1619 tamen
872 1574 933 1622 ens
957 1556 1055 1620 etiam
1077 1554 1111 1620 in
1131 1552 1199 1620 illis
1221 1555 1363 1621 miseriis
1386 1575 1466 1620 con·
1518 1557 1605 1621 sicut
1639 1557 1792 1641 promisit
1818 1551 1982 1620 iacturum
2004 1573 2043 1620 sc
2063 1557 2307 1621 invocantibus.
2351 1556 2394 1620 Et
2415 1556 2502 1625 haee
2540 1594 2547 1605 -

480 1643 630 1708 servavit
652 1639 796 1726 abquos.
1386 1650 1395 1659 '
1518 1642 1650 1726 quidem
1672 1652 1708 1706 at
1730 1640 1983 1707 Grammaticam
2007 1645 2190 1727 pertinent3
2216 1663 2305 1708 nunc
2327 1646 2501 1711 veniamus

566 1725 629 1792 Est
650 1729 683 1792 in
717 1726 857 1792 historie
889 1723 1132 1791 Ecclesiastico
1163 1727 1251 1813 apnd
1283 1725 1465 1792 Eusebium
1518 1728 1560 1792 ad
1589 1728 1772 1792 historiam.
1827 1727 1869 1792 Et
1900 1728 2039 1812 primum
2071 1740 2261 1814 repetamus
2294 1748 2501 1796 communem

478 1815 628 1879 narratio
647 1816 689 1878 de
711 1833 793 1879 sene
815 1812 995 1879 sacerdote
1012 1810 1253 1891 Chaeremone,
1274 1824 1307 1879 et
1321 1814 1464 1900 coniage
1518 1815 1703 1880 doctrinam
1726 1815 1768 1880 de
1789 1812 1970 1881 miraculis.

480 1900 570 1977 eius,
605 1919 691 1986 quae
723 1911 757 1965 et
789 1900 864 1983 ipsa
897 1899 1035 1985 grandis
1064 1910 1136 1964 erat
1158 1910 1279 1964 aetate.
1322 1899 1366 1963 Hi
1388 1920 1464 1964 cum

479 1983 612 2071 expulsi
640 1998 756 2051 essent
788 2007 830 2050 ex
853 1986 998 2065 civitate,
1033 1996 1066 2050 et
1087 1982 1256 2069 paululum
1279 1985 1464 2071 progressi,

479 2090 549 2137 non
572 2084 713 2158 possent
729 2071 915 2137 iterfecere
926 2082 1065 2156 propter
1080 2076 1234 2149 aetatem,
1256 2081 1465 2145 evanuerunt

480 2178 523 2263 ex
546 2170 731 2307 coalspectn
751 2159 929 2224 hominum.
965 2157 1076 2223 Credo
1099 2178 1160 2223 eos
1183 2153 1337 2224 sublatos
1360 2153 1465 2222 inisse
1518 2145 1635 2249 Quae
1666 2159 1761 2229 sunt
1791 2172 1974 2250 caussae,
2006 2174 2131 2256 quare
2170 2159 2214 2229 et
2249 2144 2358 2231 facta
2395 2162 2501 2255 suni,

480 2265 513 2308 rn
559 2264 599 2308 oe
636 2267 677 2307 m.

508 2265 660 2394 'c'lalla
688 2327 849 2415 exempla·
872 2330 1054 2395 ostendunt
1085 2327 1272 2394 Ecclesiam
1304 2328 1464 2394 habuisse
1774 2312 1818 2383 et
1848 2299 1994 2413 scripta
2023 2299 2242 2384 miracula?

479 2412 666 2502 frequentia
699 2413 807 2481 exilia.
850 2414 894 2480 Et
926 2416 1060 2501 quando
1093 2416 1179 2480 idem
1212 2416 1312 2480 nobis
1330 2417 1463 2495 accidit,

478 2504 583 2568 simus
600 2522 766 2566 memores
788 2499 877 2567 illius
896 2503 992 2586 primi
1014 2514 1046 2566 et
1066 2502 1169 2566 tristis
1193 2498 1279 2567 exilii
1297 2501 1405 2580 Adae,
1428 2513 1462 2566 et
1590 2500 1815 2584 'Respondes
1870 2499 1955 2565 Tres
1999 2513 2076 2566 sunt
2121 2520 2264 2566 caussae
2308 2501 2498 2589 praecipue.

465 2589 709 2654 'desideremus
731 2586 866 2653 liberari
899 2590 942 2653 ah
967 2587 1034 2653 hoc
1056 2584 1172 2667 exilio,
1205 2599 1238 2653 et
1260 2606 1461 2673 quaeramus
1513 2587 1624 2651 Prima
1647 2598 1711 2664 est,
1745 2598 1781 2651 ut
1809 2587 1876 2650 sint
1896 2588 2084 2652 testimonia
2107 2587 2149 2652 de
2175 2588 2353 2654 vocatione
2381 2602 2415 2655 et
2442 2592 2498 2655 do-

478 2674 635 2739 amissam
656 2675 797 2759 patriam
817 2694 942 2740 veram.
1514 2675 1619 2738 ctrina
1651 2672 1891 2758 prophetarum
1913 2673 2037 2739 Christi
2065 2688 2098 2739 et
2119 2670 2373 2758 Apostolorum.
2417 2675 2498 2743 Vult

564 2758 768 2827 lledncimur
800 2770 909 2825 autem
941 2761 974 2825 in
1031 2760 1146 2825 atriam
1179 2780 1239 2845 per
1260 2756 1379 2825 Filium
1396 2757 1462 2823 Dei
1514 2762 1600 2826 enim
1622 2759 1717 2825 Deus
1741 2772 1897 2825 constare
1926 2760 1959 2824 in
1990 2778 2114 2845 genere
2135 2760 2293 2840 humano,
2313 2762 2498 2829 doctrinam

477 2857 596 2911 nostra
619 2866 744 2912 caussa
771 2845 970 2945 exulantem.
1048 2867 1102 2910 am
1125 2856 1162 2909 ut
1183 2848 1256 2931 ipse
1278 2860 1342 2911 rios
1364 2845 1461 2910 redu·
1514 2857 1688 2912 sonantem
1711 2851 1744 2911 in
1765 2842 1921 2911 Ecclesia
1951 2846 2095 2912 divinam
2122 2865 2218 2927 esse,
2249 2845 2388 2915 aliarum
2415 2868 2497 2915 vero

478 2942 570 2998 ceret
592 2933 636 2997 ab
660 2931 779 3011 exilio,
813 2932 924 2998 iaetus
947 2932 1053 2997 estin
1075 2929 1142 2997 hoc
1164 2933 1286 2999 mundo
1310 2930 1405 3013 exal,
1428 2942 1461 3016 et
1514 2934 1659 3019 gentium
1682 2945 1713 2997 et
1736 2930 1903 2999 sec'tarunr
1927 2932 2121 3011 doctrinam,
2144 2944 2179 3005 et
2201 2929 2311 3001 cultus
2328 2955 2396 3000 non
2418 2955 2498 3003 asse

476 3019 629 3084 miserias
663 3038 779 3084 omnes
812 3017 910 3083 huius
944 3016 1033 3085 exilii
1065 3019 1172 3083 nostri
1210 3031 1364 3103 expertas
1398 3029 1460 3084 est.
1513 3018 1643 3085 aDco.

475 3105 532 3170 De
553 3103 620 3169 hoc
642 3104 742 3171 exilio
765 3102 837 3169 Filii
859 3103 921 3168 Dei
945 3108 1040 3172 etiam
1063 3101 1134 3170 vult
1156 3103 1251 3170 Dens
1273 3125 1463 3183 commone,
1599 3103 1724 3170 'lernen
1737 3102 1868 3169 Ethnici
1891 3114 1926 3170 et
1947 3100 2032 3169 aliae
2055 3114 2169 3169 sectae
2190 3105 2287 3169 etiam
2308 3100 2498 3173 habuerunt

475 3189 547 3256 fieri
568 3190 755 3257 Ecclesiam
789 3192 954 3257 aerumnis
983 3188 1167 3261 exiliorum.
1213 3191 1282 3257 lmo
1304 3189 1378 3258 vult
1398 3188 1461 3255 Ec·
1513 3188 1697 3261 miracula?
1725 3190 1940 3277 Respondeo.
1974 3189 2133 3257 Concedo
2154 3188 2312 3257 Ethnicos
2334 3188 2497 3279 habuisse

475 3275 611 3344 clesiam
636 3281 811 3362 ,sustinere
856 3278 1031 3364 imaginem
1063 3273 1136 3342 Filii
1175 3276 1240 3342 Dei
1285 3275 1462 3358 exulantis,
1537 3277 1677 3345 uaedam
1710 3275 1890 3357 miracula,
1931 3273 2059 3343 seilicet
2100 3297 2185 3364 quae
2223 3278 2328 3361 potuit
2359 3274 2518 3345 efficere'

476 3366 531 3450 qui
553 3377 662 3431 temen
684 3366 718 3429 in
741 3366 868 3431 nostris
892 3365 999 3430 exiliis
1022 3364 1200 3429 nobiscum
1222 3376 1461 3450 estperpetuo,
1512 3299 1689 3445 hiaholus,
1711 3364 1766 3450 qui
1789 3375 1897 3430 maren
1920 3383 1987 3428 non
2009 3374 2121 3449 potest
2143 3365 2253 3431 omnia
2273 3360 2397 3429 facere.
2429 3362 2499 3429 Ha-

475 3453 564 3516 sicut
586 3448 662 3515 olim
686 3448 746 3516 suit
769 3450 926 3515 assiduus
946 3471 1061 3516 comes
1085 3450 1211 3514 sanctis
1233 3452 1404 3535 patribus,
1428 3462 1461 3515 et
1513 3453 1571 3516 bet
1598 3462 1709 3517 autem
1735 3448 1894 3517 Ecclesia
1921 3448 2083 3516 miracula
2109 3447 2313 3515 inimitabilia
2334 3446 2499 3535 Dinb0103

476 3538 544 3602 dux
566 3534 680 3620 populi
702 3536 810 3602 lsrael
832 3536 865 3600 in
889 3536 1042 3615 deserto,
1071 3548 1105 3601 et
1127 3537 1282 3601 omnibus
1306 3537 1461 3622 tempori·
1513 3534 1625 3623 qualia
1647 3551 1726 3603 snat
1747 3538 1958 3603 resuscitatio
1978 3546 2193 3615 mortuorum,
2214 3536 2337 3602 sistere
2357 3547 2414 3602 aut
2430 3558 2496 3603 mu·

475 3623 541 3688 bus
558 3621 621 3687 suit
643 3632 760 3688 custos
781 3619 975 3702 Ecclesiae,
1010 3634 1045 3688 et
1066 3622 1128 3687 erit
1151 3623 1329 3708 deinceps,
1353 3623 1460 3689 donec
1512 3634 1584 3689 tare
1607 3642 1741 3689 cursum
1763 3620 1865 3701 solis,
1894 3619 2008 3687 iacere
2036 3620 2220 3690 foecundas
2249 3642 2334 3689 anns
2362 3618 2496 3690 steriles

499 3723 553 3775 ost
575 3720 777 3776 mortuoram
796 3708 1097 3786 resuscitationem,
1116 3706 1305 3774 Ecclesiam
1318 3730 1459 3793 prorsus
1512 3723 1545 3775 et
1572 3708 1728 3784 effoetas3
1758 3706 1907 3774 inhibere
1937 3729 2072 3776 cursum
2100 3728 2259 3794 aquarum
2267 3755 2279 3789 ,
2307 3719 2372 3774 etc.
2425 3706 2497 3789 lmo

366 3794 370 3803 ’
474 3731 648 3861 liberatam
670 3798 713 3861 ab
738 3793 857 3875 exiliis,
893 3794 1044 3883 glorisso
1078 3795 1243 3881 triumpho
1267 3796 1405 3862 reducat
1426 3798 1459 3861 in
1510 3817 1554 3860 ne
1575 3796 1642 3861 hoe
1670 3795 1803 3879 quidem
1831 3805 1942 3879 potest
1970 3795 2088 3861 imitari
2111 3792 2296 3873 Diabolus,
2324 3794 2415 3881 qnod
2442 3794 2498 3862 hie
2561 3792 2577 3812 “

433 3916 440 3927 -
476 3878 658 3947 coelestem
679 3883 826 3965 patriam.
894 3950 898 3955 ,
1509 3877 1589 3947 iacit
1612 3880 1780 3960 Christus,
1803 3879 2025 3967 nrultiplicans
2049 3882 2356 3957 henedictionesna
2377 3900 2497 3969 panes,

561 3966 616 4034 De
639 3967 692 4033 his
714 3969 846 4055 magnis
869 3969 970 4033 rebus
987 3986 1180 4032 moneamur
1192 3967 1460 4033 consideratione
1510 3969 1557 4033 ita
1578 3979 1614 4033 nt
1635 3969 1732 4055 pauci
1759 3969 1922 4034 maximae
1951 3965 2146 4034 multitudini
2175 3964 2354 4034 sufficiant
2397 3966 2499 4035 Deni-

474 4052 644 4133 loeornm,
677 4066 711 4120 et
738 4051 1000 4141 profectionibus
1034 4052 1156 4118 Christi
1183 4051 1262 4118 hinc
1294 4054 1369 4119 inde
1401 4076 1459 4121 va·
1510 4073 1575 4139 que
1607 4074 1676 4119 non
1711 4067 1823 4139 potest
1854 4052 2020 4121 Diabolus
2052 4052 2165 4121 faeere
2199 4075 2259 4134 ea,
2298 4074 2384 4141 quac
2417 4064 2495 4119 sunt

478 4142 587 4228 gantis
610 4142 641 4205 in
664 4140 799 4221 ledaea,
810 4170 815 4195 ·-
823 4138 994 4219 Galilaea,
1027 4150 1062 4205 et
1082 4140 1201 4205 vicinis
1219 4135 1306 4205 locis
1328 4140 1456 4227 Syriae.
1508 4140 1645 4226 propria
1667 4141 1840 4205 creatoris.

762 4258 767 4264 ·
1595 4224 1726 4292 Deinde
1748 4223 1907 4294 miracula
1929 4222 2106 4293 Ecclesiae
2129 4234 2317 4312 congruunt
2339 4245 2415 4291 cunr
2437 4225 2498 4290 ἆυ·-

1481 4309 1485 4343 '
1509 4314 1616 4378 ctrina
1636 4314 1729 4397 prius
1757 4312 1877 4379 tradita
1908 4334 1929 4377 a
1949 4310 2037 4378 Deo.
2087 4310 2305 4390 Ethnicorum
2335 4308 2497 4389 miracula

1510 4398 1708 4465 confirmant
1737 4419 1873 4464 errores
1901 4410 1934 4465 et
1961 4398 2052 4465 idola
2079 4398 2259 4503 pugnantia
2286 4418 2362 4463 enm
2388 4399 2495 4465 verbo

478 4506 983 4619 deffigmficatverbum
996 4506 1457 4600 Graecummalfflm
1508 4592 1576 4638 non
1598 4583 1753 4655 poterant
1776 4591 1892 4637 curare
1906 4570 2036 4651 medici,
2060 4592 2135 4637 cum
2156 4568 2286 4637 lavaret
2306 4566 2428 4635 taciem
2450 4589 2520 4645 cx,

533 4693 614 4774 qu0
630 4665 757 4748 utitur
774 4663 1033 4773 Evangelista
1048 4663 1090 4745 in
1106 4663 1271 4747 historia
1288 4664 1407 4746 huius
1431 4642 1438 4651 ⁸
1509 4659 1615 4737 rosis,
1671 4657 1768 4721 uibus
1799 4657 1960 4721 coronata
1988 4669 2060 4721 erat
2087 4669 2203 4723 statua
2225 4654 2390 4732 Veneris3
2422 4666 2494 4735 aut,

677 4760 680 4766 ’
1509 4744 1643 4828 qnando
1715 4743 1783 4808 tino
1806 4739 1933 4809 nolenti
1954 4744 2142 4819 renuntiare
2164 4740 2381 4821 Consulibus,
2404 4741 2493 4828 prod
2550 4780 2556 4789 -

886 4818 1050 4903 lhx'tus?
1508 4828 1577 4895 ludi
1609 4850 1677 4895 non
1711 4840 1803 4895 recte
1836 4825 1997 4895 celebrati
2032 4840 2165 4909 essent,
2205 4826 2402 4894 interfectus
2440 4838 2496 4893 est

1508 4914 1610 4996 tilius,
1634 4927 1668 4982 et
1688 4916 1760 4999 ipse
1781 4926 1900 5000 postea
1921 4917 2039 4981 morbo
2063 4926 2238 5002 correptus
2261 4911 2337 4981 tuit:
2360 4934 2403 4981 ex
2448 4934 2494 4981 no

561 5002 721 5085 σπλάγχνα
743 5001 947 5089 significant,
979 5002 1137 5068 interiora
1169 5000 1301 5067 viscera
1323 5020 1457 5081 carnea,
1508 5023 1576 5067 non
1597 5003 1869 5087 potuit-restitui,
1910 5003 2018 5069 donec
2046 4998 2172 5067 iaceret
2200 5002 2373 5086 imperata.
2416 4934 2496 5067 lquit

473 5086 551 5154 inde
573 5099 625 5153 est.
646 5092 896 5171 σπλαγχνίζομαι,
929 5088 1018 5175 quod
1037 5085 1218 5176 significat,
1239 5108 1307 5152 non
1329 5098 1456 5154 tentum
1507 5089 1574 5155 hoc
1595 5108 1664 5155 non
1687 5084 1824 5154 difficile
1844 5086 2008 5167 Diab0103
2036 5089 2114 5175 quia
2142 5108 2216 5153 cum
2239 5085 2339 5152 homo
2361 5096 2415 5151 est
2437 5086 2495 5151 de-

473 5174 625 5240 misereri
658 5173 818 5248 alienius,
853 5176 915 5241 sed
949 5174 1047 5243 etiam
1080 5176 1203 5242 sentire
1238 5171 1388 5240 dolorem
1422 5175 1454 5239 in
1507 5185 1619 5240 sertus
1643 5196 1664 5239 n
1684 5173 1772 5254 Deo,
1795 5186 1847 5241 est
1870 5177 2043 5242 subiectus
2071 5173 2238 5259 tyrannidi
2258 5168 2405 5239 Diaboli.
2450 5170 2498 5239 Et

473 5261 557 5345 ipsis
590 5262 747 5327 membris
793 5260 1016 5327 interioribus.
1074 5262 1214 5346 Propria
1247 5262 1349 5326 sedes
1377 5259 1456 5326 alie·
1507 5261 1716 5347 pertinebant
1736 5258 1802 5327 illa'
1816 5262 1861 5327 ad
1882 5258 2141 5329 confirmandam
2159 5257 2397 5326 idolomaniam
2411 5254 2495 5325 Eth-

473 5360 584 5413 ctuum
612 5359 665 5415 est
687 5369 757 5414 cor.
802 5349 866 5414 Sed
885 5348 929 5415 ¹in
960 5348 1092 5434 magnis
1135 5346 1306 5414 doloribus
1345 5345 1455 5413 omnia
1506 5349 1669 5413 nieorum.
2439 5404 2443 5409 .

399 5492 401 5496 .
472 5435 621 5501 membra
643 5432 740 5500 simul
763 5432 893 5511 dolent3
916 5434 1003 5499 sicut
1024 5453 1088 5498 nos
1111 5437 1210 5500 etiam
1233 5434 1388 5499 dicimus:
1411 5434 1456 5500 Es
1594 5431 1750 5499 Secunda
1772 5453 1895 5500 caussa
1916 5443 1981 5513 est,
2002 5444 2039 5500 ut
2059 5430 2224 5500 miracula
2251 5432 2318 5497 sint
2345 5432 2496 5499 testimo·
2520 5430 2525 5439 '

472 5519 542 5586 ctat
563 5527 625 5587 mir
646 5522 708 5586 der
726 5530 842 5607 quatre
863 5520 925 5586 leid
948 5519 1041 5585 oeae.
1415 5518 1422 5525 '
1507 5521 1562 5586 niu
1593 5516 1862 5606 promissionum,
1905 5521 1992 5587 sicut
2027 5539 2156 5607 poenae
2193 5531 2271 5586 sunt
2302 5516 2497 5585 testimonia

558 5606 595 5671 ln
618 5606 709 5674 Osea
732 5618 785 5673 est
806 5603 923 5673 similis
945 5604 1081 5691 phrasis
1103 5606 1144 5671 de
1165 5601 1255 5671 Deo:
1291 5617 1456 5672 commota
1508 5607 1797 5674 comminationum
1818 5604 2014 5673 divinarum.
2059 5606 2201 5681 Quando
2226 5602 2415 5671 homicidae
2437 5604 2495 5671 mi·

471 5705 549 5761 sunt
564 5695 672 5759 iot'era
694 5694 880 5760 meriscera
896 5712 986 5759 mea:
1009 5692 1055 5759 Er
1073 5692 1167 5777 cebet
1175 5690 1354 5757 mirdurcb
1371 5693 1455 5759 mein
1507 5689 1670 5761 rabilibus
1712 5692 1948 5760 occasionibus
1985 5692 2199 5763 retrahuntur
2235 5692 2293 5759 ed¹
2314 5686 2495 5778 supplicia,

2493 5858 2509 5893 Ι

1509 4484 1589 4551 Dei:
1611 4497 1665 4564 ut,
1688 4507 1762 4551 cum
1791 4499 1910 4549 sanata
1944 4496 1996 4550 est
2017 4484 2165 4571 Aspasia
2193 4483 2361 4562 ascabie,
2395 4504 2495 4571 quam
2605 4562 2611 4571 ,
