5934 6709
481 738 549 811 823
1118 740 1232 809 Pata.
1253 738 1361 808 MEL.
1381 736 1572 808 SCRIPTA
1592 736 1859 806 EXEGETIGA.
2437 736 2508 807 824

483 926 624 995 sannam
649 927 760 994 cultus
789 931 832 995 ab
862 932 937 1017 ipso
959 931 1131 996 traditam:
1164 932 1240 995 ideo
1273 952 1338 996 nos
1366 931 1466 997 etiam
1518 927 1601 1007 lair,
1632 931 1705 994 lrolt
1722 928 1790 1010 iclr,
1821 930 1905 993 tetre
1921 924 2132 1005 illuminatio,
2165 927 2208 991 ab
2236 930 2291 1007 Or,
2319 923 2505 1005 alumine:

482 1019 589 1083 simus
622 1015 849 1101 diligentiores
857 1038 873 1096 ,·
905 1029 942 1083 at
973 1039 1073 1083 unam
1106 1016 1291 1103 simplicem
1325 1016 1467 1083 foratam
1517 1018 1564 1081 Er
1582 1023 1625 1080 iat
1648 1023 1701 1081 eia
1715 1020 1879 1098 srurrnuer
1907 1018 2045 1095 lediaer
2067 1019 2210 1097 aderter
2225 1019 2326 1081 Manu
2343 1034 2505 1097 premerere

482 1104 655 1169 doctrinae
676 1100 925 1187 amplectamur.
969 1104 1117 1186 Serrrpen
1147 1125 1280 1188 semper
1301 1105 1345 1168 sit
1367 1106 1466 1169 nobis
1606 1099 1682 1165 Noa
1717 1102 1845 1165 debetis
1877 1100 2051 1186 imaginari
2084 1121 2199 1165 omnes
2227 1099 2369 1167 ludaeos
2396 1099 2505 1166 faisse

483 1189 676 1254 inauribus
698 1206 732 1253 et
754 1205 953 1255 nientorox
977 1189 1118 1255 Christi:
1145 1194 1255 1261 Pater,
1280 1197 1350 1256 rint
1368 1210 1467 1257 anum
1519 1186 1672 1252 homiues
1700 1188 1802 1250 rudes
1835 1199 1868 1250 et
1905 1184 2090 1253 illiteratos.
2151 1186 2225 1252 Lex
2265 1189 2410 1271 cogebat
2443 1206 2504 1252 eos

481 1281 518 1341 ln
539 1276 644 1351 nodia,
665 1282 750 1340 :lad
770 1285 804 1341 et
822 1296 881 1341 noa
909 1297 1007 1341 uatem
1035 1296 1156 1342 marris.
1200 1276 1339 1358 Videte,
1367 1297 1467 1362 qaam
1520 1271 1623 1336 malta
1646 1274 1788 1353 discere,
1811 1274 1954 1358 cogebat
1977 1294 2037 1337 eos
2062 1274 2277 1339 considerare
2293 1287 2405 1338 motas
2428 1292 2505 1338 coe·

482 1357 628 1426 sollicite
662 1374 820 1444 precetur
852 1361 1009 1427 Christus
1042 1366 1074 1428 iu
1102 1383 1232 1448 agone,
1265 1376 1302 1428 ut
1336 1375 1468 1427 maneat
1520 1356 1640 1434 lestes3
1673 1360 1748 1443 quia
1780 1361 1940 1422 rationem
1970 1361 2048 1423 auni
2070 1359 2259 1424 babuerunt
2279 1361 2370 1423 iaxta
2391 1371 2504 1424 motas

481 1466 672 1511 cousensus
695 1447 878 1512 doctrinae.
942 1451 1037 1513 Wenn
1064 1451 1118 1514 die
1147 1450 1301 1514 doctrina
1322 1456 1469 1515 :trrisrert
1518 1443 1644 1509 Lanae.
1699 1445 1778 1508 ltenr
1813 1442 1867 1509 lex
1902 1447 2045 1530 cogebat
2066 1448 2271 1511 Sacerdotes
2299 1466 2377 1510 esse
2398 1444 2505 1509 Medi·

480 1538 536 1611 iot,
558 1530 786 1597 distrabantur
807 1531 1009 1613 voluntates,
1039 1537 1336 1618 postmeudaeiunr
1360 1536 1469 1619 sequi·
1521 1552 1601 1609 cos,
1634 1532 1711 1617 qaia
1741 1544 1837 1594 erant
1864 1531 1991 1595 iudices
2018 1534 2225 1609 morborarn3
2251 1531 2323 1596 Lex
2350 1533 2506 1616 praebuit

481 1629 535 1683 tar
564 1616 784 1683 homicidium.
840 1624 1001 1687 Mandat
1027 1627 1063 1686 t'rr
1089 1623 1154 1686 deu
1179 1622 1310 1687 lrleiuerr
1336 1624 1466 1687 Stettllrr
1520 1613 1587 1679 illis
1620 1619 1834 1681 occasionem
1869 1617 2037 1696 discendi,
2070 1630 2104 1682 et
2135 1639 2191 1682 res
2224 1618 2414 1684 babuerunt
2438 1620 2505 1682 exi·

481 1702 683 1792 synagogas
702 1708 830 1786 aelredi.
1520 1704 1615 1781 miaS,
1636 1715 1672 1767 ut
1694 1705 1874 1789 myrrham,
1904 1700 2100 1782 balsamum,
2132 1717 2165 1768 et
2187 1702 2341 1789 palmam,
2370 1705 2507 1770 allebat

1518 1797 1573 1853 eta
1617 1793 1771 1855 ortliclren
1793 1788 1935 1853 fractam
1949 1800 2126 1871 perrupere:
2147 1811 2256 1855 rerum
2276 1792 2407 1854 bonitas
2428 1810 2505 1854 coe·

735 1875 830 1972 ,νας
858 1877 960 1971 heis!
987 1877 1231 1996 Synapoaa?
1519 1877 1567 1961 git
1589 1896 1649 1939 eas
1672 1876 1888 1940 considerare
1906 1890 2068 1940 natarum.
2116 1876 2160 1942 Er
2180 1880 2258 1942 ar'rrtl
2273 1882 2399 1958 pelerte
2418 1881 2506 1942 leude

1514 1980 1674 2042 petoeeert.
1725 1960 1865 2038 Videte,
1896 1973 2054 2046 quautam
2077 1975 2130 2026 est
2158 1965 2352 2027 cruditionis
2375 1963 2504 2048 passim

566 2046 782 2133 Respoadeo.
837 2045 1013 2127 collectio,
1049 2060 1247 2115 conventas.
1302 2047 1388 2113 Sunt
1418 2048 1463 2113 vi·
1518 2049 1550 2109 in
1575 2059 1644 2111 tota
1666 2044 1790 2114 Biblia!
1847 2046 1923 2110 Non
1957 2061 2010 2113 εει
2043 2061 2178 2133 agreste
2199 2051 2379 2132 scriptam,
2414 2050 2504 2113 sicut

479 2135 556 2200 eina
577 2132 757 2211 vocabula,
781 2137 945 2220 synodus,
978 2154 1168 2222 synagoga,
1199 2131 1362 2212 Ecclesia,
1386 2156 1466 2199 con·
1518 2131 1620 2217 aliqui
1642 2132 1765 2210 stolidi,
1790 2144 1824 2196 ει
1846 2153 1912 2196 non
1935 2130 2043 2198 solam
2066 2131 2191 2214 stolidi,
2215 2138 2276 2200 aed
2297 2133 2502 2199 etiamdttror

479 2236 614 2298 ventus,
636 2223 866 2307 congregatio.
910 2220 973 2285 Est
1002 2225 1177 2286 continens
1201 2243 1262 2306 pro
1291 2232 1464 2285 contento:
1517 2230 1550 2281 ct
1573 2216 1746 2304 Cyclopici
1764 2219 1996 2304 imaginantur.
2020 2222 2078 2286 bie
2098 2240 2219 2302 sapen:
2241 2218 2321 2285 nihil
2344 2242 2432 2305 opas
2451 2231 2502 2286 est

486 2308 583 2373 Weun
604 2327 697 2371 :ttattr
717 2310 873 2373 drarrclrel
893 2315 956 2391 sur
976 2315 1031 2374 εἰει
1050 2312 1141 2375 colel:
1161 2311 1271 2390 baeer,
1292 2310 1390 2374 dorin
1411 2308 1466 2374 die
1515 2300 1641 2382 literis,
1676 2326 1740 2390 ega
1764 2325 1901 2388 possam
1935 2302 2050 2391 legere
2080 2306 2296 2372 Germanice:
2331 2309 2400 2371 irno
2433 2328 2501 2371 aaa

479 2390 566 2459 Lettl
584 2412 740 2459 resorbere
761 2398 918 2461 borealea.
1516 2411 1636 2474 posses
1669 2390 1783 2476 legere
1806 2390 2022 2471 Germanice,
2053 2395 2118 2457 nisi
2150 2395 2268 2459 eruditi
2301 2394 2501 2458 Germanice

1516 2478 1712 2555 vertissent,
1751 2481 1895 2542 :oleroobl
1926 2499 1962 2543 er
1989 2482 2104 2544 etllclre
2134 2484 2216 2546 atreb
2248 2483 2338 2546 nield
2368 2482 2500 2545 Tealrclt

613 2563 752 2659 prpr
781 2565 910 2685 110„pr
937 2567 1029 2662 dap
1045 2577 1145 2661 worp
1173 2563 1328 2660 Hm?
1514 2566 1615 2628 lereu.
1659 2562 1839 2627 Praeterea
1861 2582 1928 2627 non
1952 2576 2004 2628 est
2025 2567 2108 2629 satis
2131 2579 2300 2651 utcunque
2329 2564 2500 2652 lagereio

1516 2647 1695 2715 vernacula
1730 2648 1866 2735 lingua:
1899 2662 2032 2734 oportet
2053 2653 2154 2732 scire,
2187 2653 2264 2738 quid
2293 2653 2337 2717 sit
2365 2654 2399 2718 in
2428 2651 2501 2716 son·

564 2733 639 2801 Dar
659 2741 744 2801 :otta
771 2739 908 2814 wracen,
941 2734 1100 2802 Ecclesia
1135 2738 1245 2801 verius
1278 2734 1376 2799 nobis
1410 2745 1465 2800 εει
1516 2736 1614 2801 tibus.

481 2822 599 2907 patria,
621 2842 721 2906 qaam
743 2819 860 2900 locas,
894 2827 925 2886 in
949 2843 1016 2907 quo
1045 2822 1224 2887 nascimur.
1279 2824 1399 2898 laren,
1430 2820 1463 2885 id
1601 2825 1719 2887 llieser
1751 2826 1794 2886 lat
1822 2824 1906 2887 odae
1927 2820 2077 2905 Zroetffel
2095 2830 2150 2890 ειη
2178 2830 2289 2907 semer
2319 2828 2420 2890 Maur:
2437 2824 2500 2905 ipe·

477 2917 542 2985 est,
564 2905 703 2993 copiam),
726 2908 844 2972 claraus
857 2906 1004 2972 Domini:
1027 2911 1130 2974 daber
1144 2911 1220 2973 dot:
1234 2909 1297 2973 dea
1313 2910 1463 2973 rradrrren.
1517 2926 1641 2972 roeserr:
1658 2906 1773 2971 babuit
1794 2909 1925 2971 unicam
1947 2906 2060 2988 filiam,
2082 2921 2116 2974 et
2137 2930 2278 2995 magnas
2296 2909 2501 2977 estaffectas

477 2996 535 3060 Ste
555 2993 677 3059 loom:
698 2995 787 3059 ιιιέΙιι
819 2999 934 3060 :oollen
954 3014 1083 3060 :teriaca
1115 2992 1204 3073 κείς,
1238 2992 1463 3078 appellatione
1516 3002 1707 3076 parentam,
1746 2995 1942 3077 praesertim
1976 3014 2058 3079 erga
2090 2998 2220 3061 unicam
2254 2993 2372 3076 filiam,
2410 2998 2500 3062 sieut

476 3078 632 3157 Ethnica,
654 3085 703 3143 sle
723 3083 847 3146 bomem
866 3084 968 3147 lteder·
996 3085 1109 3147 wellen
1138 3100 1268 3147 neuneu
1295 3078 1463 3162 σεκαγωγή,
1515 3078 1667 3157 allectas,
1690 3081 1909 3164 qai-vocatur
1926 3080 2054 3166 oroppp',
2084 3095 2136 3147 cst
2153 3080 2397 3147 inenarrabilis.
2442 3085 2500 3149 Iltt·

475 3166 558 3233 oder
578 3165 713 3253 κυριακῇ.
1516 3173 1635 3245 arripere
1666 3168 1794 3231 ditabere
1827 3174 1940 3231 :aieret
1967 3170 2074 3246 rrr'clrt,
2113 3189 2213 3255 quarn
2246 3168 2403 3233 ardenter
2434 3186 2499 3233 voa

1515 3250 1656 3335 diligant
1678 3251 1782 3316 vestri
1804 3265 1971 3336 parentes,
2001 3268 2035 3317 ot
2064 3267 2187 3339 quanta
2209 3276 2290 3320 eura
2308 3251 2499 3320 afficiantur

725 3335 820 3432 ,νας
848 3336 951 3432 [pep'gp
983 3339 1196 3458 momen?
1515 3337 1558 3401 de
1586 3337 1703 3403 vobis:
1731 3337 1806 3402 idco
1840 3338 1969 3405 debetis
2003 3340 2053 3403 eis
2086 3341 2330 3427 gratitudinem.
2388 3340 2499 3427 Saepe

1514 3425 1655 3502 auditis,
1688 3425 1822 3508 quando
1845 3425 2013 3510 principes
2036 3426 2176 3511 pingant
2203 3447 2266 3492 sua
2288 3438 2498 3506 ornamenta,

561 3506 737 3594 Significat
770 3506 945 3573 vicinalem
974 3520 1185 3576 conventam.
1250 3512 1319 3577 aer
1347 3510 1464 3575 nodata
1513 3512 1586 3575 llere
1613 3530 1744 3593 cooperi,
1783 3530 1823 3576 :o
1854 3514 1983 3577 rrroblerr
2014 3519 2065 3578 :le
2096 3513 2246 3579 llarnmas
2279 3522 2378 3579 anter
2408 3515 2499 3580 ried:

473 3615 519 3662 aa
539 3600 610 3661 :tclr
641 3599 742 3661 rethel
761 3604 926 3678 καροικια,
959 3599 1045 3663 laetat
1069 3594 1174 3661 arebla
1202 3599 1345 3673 calere,
1372 3598 1463 3661 dana
1514 3614 1588 3658 cum
1620 3594 1744 3683 alioqui
1775 3596 1911 3662 ssarnma
1943 3599 2115 3663 ascendat.
2165 3598 2375 3685 Significant,
2406 3597 2500 3686 quod

473 3682 606 3758 vicinia,
617 3684 894 3764 Noebdorrelurtfl,
912 3701 1005 3747 :oeno
1024 3702 1100 3748 mea
1111 3686 1316 3765 depsmnruea
1327 3685 1461 3747 coenet.
1512 3683 1546 3746 in
1568 3685 1660 3747 ranis
1683 3685 1787 3746 maior
1809 3684 1853 3747 sit
1870 3704 1965 3748 amor
1980 3687 2191 3770 superiorum
2208 3706 2290 3836 erga
2309 3682 2499 3763 inferiores,

472 3764 726 3833 Vocabulorum
759 3769 985 3831 consideratio
1020 3770 1119 3833 etiam
1152 3770 1194 3833 de
1227 3772 1328 3833 rebus
1358 3765 1461 3832 malta
1512 3788 1608 3852 qaam
1643 3767 1836 3833 inl'erioram
1870 3789 1952 3856 erga
1980 3773 2182 3854 superiores.
2276 3791 2319 3835 on
2354 3782 2407 3836 est
2436 3791 2499 3855 par

472 3864 596 3919 monet
651 3857 730 3918 Mart
760 3856 820 3918 bat
849 3860 884 3919 in
909 3856 974 3919 elea
1005 3856 1135 3920 blateret:
1168 3855 1314 3921 Stetlleiu
1343 3853 1465 3935 pedobl
1512 3873 1606 3917 amor
1628 3855 1660 3917 in
1682 3851 1912 3920 inferioribus:
1940 3870 2097 3941 parentes
2121 3858 2226 3944 magis
2249 3870 2362 3922 amant
2387 3872 2500 3937 natos,

475 3938 693 4025 synagogas,
726 3950 892 4023 tamquam
926 3941 1064 4019 clamas,
1098 3952 1132 4004 et
1162 3941 1327 4006 auditoria
1361 3938 1460 4003 scho-
1512 3959 1611 4024 quam
1632 3941 1712 4017 nati,
1744 3953 1913 4044 parentes.
1967 3942 2092 4009 Tamen
2122 3946 2155 4007 in
2181 3946 2276 4008 bonis
2294 3947 2423 4008 nataris
2447 3953 2501 4009 est

472 4021 611 4102 lastiea,
651 4027 750 4089 darr'rr
780 4034 830 4090 rte
867 4029 946 4091 sind
974 4045 1160 4093 aurataruert
1196 4029 1360 4106 lroruraen,
1393 4027 1463 4090 ttrrd
1511 4040 1624 4090 mutua
1642 4048 1766 4108 oropyp,
1799 4027 1928 4091 etiamsi
1951 4048 2018 4092 non
2042 4045 2093 4093 εει
2115 4028 2231 4094 similis
2253 4031 2365 4094 ardor.
2423 4029 2499 4096 Dar

472 4114 578 4178 derben
604 4116 737 4191 peteret:
770 4112 981 4192 :compedem
1014 4111 1059 4176 Ut
1080 4110 1135 4176 hio
1168 4108 1283 4191 loeas,
1317 4113 1373 4177 ubi
1395 4130 1459 4175 nos
1511 4114 1591 4192 diuo
1612 4113 1676 4177 roll
1692 4117 1745 4178 ilrr
1762 4116 1912 4194 amdan,
1946 4117 2025 4180 desa
2047 4117 2100 4181 r'ltr
2119 4120 2313 4201 perterreret,
2342 4116 2424 4182 durs
2447 4118 2500 4181 iar

473 4199 703 4275 convenimus,
732 4218 799 4260 non
822 4213 875 4262 cst
897 4197 1067 4282 templum,
1096 4219 1164 4263 non
1187 4210 1240 4262 est
1270 4195 1326 4261 bic
1358 4198 1459 4261 adrni-
1511 4197 1684 4264 orertreberr
1705 4210 1787 4283 sept,
1809 4202 1878 4264 aad
1891 4200 1979 4266 nield
2001 4204 2143 4266 bestiae:
2166 4199 2367 4268 :illiciamini
2386 4210 2499 4267 tamea

471 4284 626 4347 nistratlo
650 4282 958 4361 sacramentorum,
982 4296 1092 4349 tamen
1114 4294 1168 4349 est
1190 4282 1306 4362 locas,
1335 4283 1368 4347 in
1392 4304 1459 4368 qao
1483 4282 1487 4329 ἶ
1512 4286 1744 4350 cunrnranibus
1767 4288 1934 4351 hominum
1957 4286 2143 4352 affectibus.
2187 4286 2244 4353 lllc
2266 4301 2360 4371 pater
2384 4286 2499 4353 dilexit

472 4371 703 4447 contranimus,
739 4382 771 4434 et
793 4387 893 4437 sonat
916 4369 970 4434 lric
992 4393 1059 4436 rux
1082 4372 1275 4449 doctrinae,
1303 4383 1335 4433 et
1358 4366 1459 4455 aliqui
1511 4369 1613 4435 liliam
1646 4374 1778 4441 unicam
1811 4374 1941 4437 ardenti
1975 4394 2097 4438 amare.
2153 4373 2214 4440 list
2237 4373 2360 4439 Christi
2384 4376 2497 4460 imago

470 4453 598 4521 saciant
622 4457 876 4523 invocationem.
917 4457 976 4521 Sic
999 4459 1043 4521 ibi
1066 4455 1197 4543 publice
1221 4460 1252 4522 in
1276 4460 1459 4544 synagoga
1510 4459 1679 4543 diligentis
1702 4456 1792 4522 illam
1816 4460 1945 4523 unicam
1969 4457 2170 4525 Ecclesiam:
2198 4461 2230 4526 in
2258 4458 2314 4525 illa
2338 4481 2499 4546 persona,
2554 4534 2556 4541 ¹

470 4540 575 4608 flebat
599 4543 780 4619 invocatio,
803 4546 863 4608 sed
885 4565 953 4608 uou
977 4544 1100 4609 fiebant
1123 4543 1300 4608 sacrificia.
1511 4543 1608 4622 lair0,
1642 4543 1795 4609 Christus
1829 4565 1907 4610 sese
1929 4546 2047 4631 pingiu
2082 4548 2115 4610 ia
2137 4545 2232 4613 Luca
2252 4551 2357 4613 stellet
2378 4567 2416 4613 es
2438 4567 2498 4611 no·

556 4631 631 4694 Alco
660 4637 705 4694 ist
726 4648 875 4708 pererro
907 4633 968 4695 der
990 4628 1305 4715 Arclrisynagagas,
1337 4630 1398 4694 der
1419 4647 1459 4693 zu
1510 4631 1671 4711 minatim,
1703 4632 1792 4716 qaod
1816 4629 1913 4696 suerit
1937 4633 2036 4695 unica
2058 4630 2142 4711 filia,
2173 4633 2340 4715 μονογενής.
2387 4636 2433 4699 Er
2456 4640 2501 4698 lat

470 4711 680 4798 Capernaam
709 4718 768 4781 liat
794 4719 849 4781 die
874 4714 1035 4781 Sclrolanr
1064 4718 1143 4781 oder
1165 4716 1264 4781 lr'ircb
1290 4716 1457 4797 pedoitem
1511 4724 1562 4782 eir:
1580 4721 1679 4782 aeddi:
1703 4715 1899 4800 exemplam,
1924 4731 2031 4781 otest
2055 4719 2292 4784 inenarrabile:
2316 4717 2498 4806 quiaillaa

470 4797 531 4865 fuit
553 4802 672 4866 raam
696 4799 783 4866 illius
805 4799 884 4866 laci.
919 4800 977 4865 ΙΙΙε
1000 4803 1089 4866 reuit
1111 4814 1145 4865 et
1166 4799 1457 4867 adoraritlesaur·
1511 4805 1604 4887 ipsae
1633 4816 1769 4889 storgae
1793 4808 1823 4867 in
1859 4803 2051 4888 parentibus
2086 4818 2163 4870 sunt
2185 4808 2325 4884 inditae,
2356 4816 2394 4870 ut
2427 4807 2497 4870 siut

469 4890 517 4952 Er
536 4893 610 4969 sellt
626 4886 687 4968 sur
710 4893 776 4954 idm
799 4891 931 4954 rrieder:
952 4892 1015 4953 dar
1036 4896 1080 4955 iat
1100 4890 1173 4953 ilrre
1185 4894 1282 4953 coelae
1299 4907 1457 4968 qewcrerr.
1511 4890 1850 4956 cermnouesactianes
1884 4890 1927 4954 de
1951 4890 2012 4954 Dei
2046 4913 2159 4956 amore
2191 4914 2272 4980 erga
2307 4889 2428 4971 filiam,
2463 4901 2497 4955 et

469 4970 551 5037 illibi
581 4996 648 5039 uon
682 4988 734 5037 eat
769 4977 915 5052 dubium,
950 4976 1029 5059 quia
1065 4971 1122 5038 ille
1155 4973 1281 5056 Ἰάειρος
1314 4975 1458 5037 senserit
1511 4996 1697 5059 organas,
1734 4989 1764 5041 et
1788 4979 1830 5041 tle
1863 4997 1978 5041 arnore
2015 4976 2139 5042 Clu-isti
2175 5000 2256 5061 erga
2292 5000 2367 5042 nos.
2432 4982 2497 5043 er

469 5058 637 5123 Christum
667 5080 745 5123 csso
774 5059 947 5138 Messium:
981 5063 1057 5146 quia
1092 5081 1235 5146 maguus
1271 5080 1458 5123 concursus
1509 5065 1613 5128 rollert
1631 5066 1832 5146 perterrebar,
1866 5083 1962 5128 worm
1985 5065 2045 5129 :or'r
2071 5068 2183 5130 ocrea.-
2211 5062 2302 5130 Talis
2325 5074 2378 5129 est
2402 5084 2497 5130 antor

468 5142 532 5208 init
565 5144 797 5211 miraculorum
834 5145 957 5211 (Tlrristi
996 5147 1089 5211 bravi
1122 5159 1289 5231 tempore,
1328 5159 1362 5208 et
1396 5142 1459 5211 suit
1481 5208 1485 5229 ,
1510 5170 1609 5214 verus
1631 5153 1664 5213 in
1683 5151 1757 5215 Deo
1777 5171 1859 5236 erga
1882 5170 1959 5226 nas,
1982 5152 2068 5214 sicut
2090 5167 2138 5214 est
2164 5154 2195 5215 in
2215 5173 2267 5215 me
2285 5171 2366 5237 erga
2385 5163 2495 5215 natos.

469 5229 533 5293 ianr
558 5234 751 5313 pr·ir·.cipiuru
775 5234 912 5298 secandi
935 5234 1012 5297 anni
1041 5234 1299 5317 praedicationis
1322 5230 1457 5295 (Tlrristi.
1481 5232 1485 5263 '
1510 5234 1724 5319 Saepissime,
1747 5237 1943 5319 saepissime
1966 5236 2034 5299 boc
2056 5237 2133 5300 milti
2159 5240 2245 5302 venit
2270 5240 2302 5301 iu
2333 5252 2495 5301 mentem:

469 5314 518 5381 Es
539 5320 617 5379 :irad
635 5321 689 5382 lrr'e
710 5327 791 5384 azoel
808 5323 1003 5403 μνη-εὕει.»
1023 5325 1170 5398 rrtr'raral,
1193 5328 1243 5385 rt'e
1258 5324 1337 5383 ettad
1353 5320 1457 5385 <toret
1481 5346 1485 5417 p
1510 5322 1652 5395 Quando
1676 5345 1735 5389 cor
1757 5333 1868 5408 potest
1891 5326 2068 5407 :reincipere
2090 5312 2182 5387 illum
2205 5323 2374 5402 allectam,
2406 5324 2494 5409 quod

469 5405 629 5467 eitrarrder
649 5414 824 5486 perrrerrpet.
881 5406 984 5469 lairus
1007 5408 1077 5469 rrrrtl
1096 5410 1150 5472 die
1167 5403 1273 5487 lrruo,
1306 5426 1392 5490 quac
1418 5404 1456 5468 1⁶2
1480 5422 1485 5483 fi
1510 5430 1611 5472 veras
1644 5410 1686 5473 sit
1713 5407 1892 5473 amorDci
1917 5429 2102 5494 organas,
2143 5432 2181 5476 :o
2203 5420 2262 5476 ista
2284 5418 2338 5476 ειη
2357 5428 2496 5492 pror-rer

469 5509 578 5552 annos
621 5489 835 5555 laboraverat
878 5492 1045 5575 prossurio
1086 5494 1261 5580 sanguinis
1302 5484 1454 5556 corrs'tlm·
1509 5493 1671 5559 Allectus.
1716 5494 1806 5560 lstud
1831 5508 1882 5559 est
1906 5493 2016 5559 laurea
2041 5495 2116 5561 fidei
2147 5518 2319 5582 aiagrraur:
2343 5499 2420 5582 quia
2442 5499 2498 5562 die

451 5588 583 5655 .pserat
616 5596 712 5639 suam
748 5577 980 5660 patrimonium
1014 5589 1048 5641 ct
1088 5599 1158 5644 reru
1193 5574 1389 5643 l'anriliarem
1422 5580 1457 5641 in
1512 5583 1670 5664 Tropsert,
1710 5585 1764 5647 die
1795 5586 1849 5648 dte
1881 5585 2008 5665 aledea,
2039 5584 2094 5648 die
2126 5581 2252 5661 adlice:
2283 5587 2338 5649 die
2364 5605 2383 5649 ε
2407 5595 2497 5650 ottert

469 5660 755 5755 uredicationibpp.
800 5667 846 5729 E:
865 5668 944 5731 :ind
969 5666 1090 5731 ceddae
1115 5666 1278 5753 imagines
1306 5667 1457 5730 drtrrrtere
1480 5698 1485 5753 Ι
1508 5687 1627 5752 επακ
1661 5688 1793 5754 semper
1826 5668 1925 5734 nobis
1954 5668 2118 5755 obstrepit
2138 5670 2346 5756 imaginatio:
2379 5606 2434 5736 lla
2456 5690 2496 5735 es
