5934 6709
476 638 542 706 aas
998 581 1000 584 ’
1114 634 1226 703 enm.
1250 634 1356 703 nme.
1377 634 1567 706 scarum
1587 634 1853 706 monnica
2426 637 2494 705 auu

476 830 672 897 missionem
688 823 853 914 etlegem.
884 823 1059 913 Vonlegls
1080 844 1148 892 non
1170 826 1386 893 annuntiabat
1403 844 1455 892 re·
1510 822 1756 904 calamitatum
1778 827 1865 895 sicut
1885 827 2008 894 dictum
2030 839 2085 894 est
2104 823 2404 893 iuillasententia:
2426 826 2494 890 Per

475 918 670 984 missionem
691 914 906 1000 pennatorum
927 913 1116 999 gratuitam,
1137 912 1359 979 sedremissio
1380 929 1457 999 pec·
1506 920 1672 994 peccatam
1692 934 1776 979 more
1797 915 1929 978 iurauit
1948 918 1984 976 ta
2000 915 2156 978 mandem
2200 912 2275 980 Hoc
2296 912 2399 1001 igitur
2419 910 2495 980 vult

477 1014 628 1069 cetorum
650 1010 722 1067 erat
742 998 874 1067 inclusa
894 999 928 1063 in
949 999 1183 1084 promissione,
1205 1010 1239 1064 et
1260 1018 1333 1064 eam
1343 1018 1457 1065 sacer·
1508 999 1634 1064 docere
1648 997 1814 1082 Christus,
1842 1001 1933 1086 qnod
1948 997 2171 1078 calamitates,
2187 1010 2222 1066 et
2234 1000 2494 1085 morsipsaorts

476 1090 575 1155 dotes
597 1087 766 1154 debebant
786 1103 960 1162 enarrare3
982 1085 1148 1151 debebant
1163 1081 1321 1171 populum
1335 1085 1457 1150 docere
1509 1087 1553 1150 sit
1574 1105 1596 1150 a
1624 1098 1775 1170 peccato.
1818 1084 1924 1152 Simul
1952 1087 2051 1152 etiam
2080 1082 2153 1152 uult
2260 1085 2377 1155 iiicare
2403 1083 2495 1152 blas·

476 1172 709 1260 Evangelium,
731 1183 768 1238 ut
790 1171 974 1258 prophetae
996 1170 1180 1238 docuerunt
1200 1191 1268 1237 uua
1282 1167 1456 1257 cumlege.
1507 1172 1592 1235 siam
1624 1192 1694 1237 non
1716 1169 1824 1239 solum
1847 1169 1966 1239 tollere
1988 1173 2143 1260 corporis
2297 1184 2398 1253 tates,
2429 1171 2494 1239 sat

476 1257 533 1338 Ut,
556 1280 632 1325 cum
643 1256 801 1325 Psalmus
823 1258 945 1344 inquit:
966 1256 1066 1320 Beati
1087 1276 1200 1328 mater,
1270 1256 1457 1337 ‘confidat
1507 1269 1647 1322 mortem
1680 1269 1860 1324 aeternam.
1912 1259 1987 1325 Hoc
2017 1260 2246 1326 modoetiam
2274 1258 2494 1343 reprehendit

475 1347 510 1408 in
532 1366 580 1408 eo.
611 1342 654 1410 Et
676 1344 831 1411 Abacuc:
848 1343 1197 1422 Imtasfidmociuet.
1238 1354 1302 1409 tem
1320 1342 1457 1408 muas:
1508 1339 1724 1423 Pharisaeos,
1745 1347 1802 1429 qul
1824 1346 2049 1430 expectabant
2070 1344 2241 1425 Messinm,
2280 1345 2347 1411 nii
2443 1344 2494 1411 di·

478 1431 542 1505 eri
563 1430 666 1492 credit
686 1432 720 1489 in
741 1448 818 1501 emur,
840 1449 902 1491 non
923 1429 1141 1508 confundebar.
1507 1429 1686 1495 atribueret
1708 1431 1918 1515 provincias,
1946 1450 2015 1496 non
2042 1432 2235 1517 cogitabant
2292 1450 2350 1496 ess
2384 1452 2418 1496 m
2440 1450 2493 1496 re·

480 1532 482 1537 ’
563 1517 658 1583 Haec
679 1516 866 1584 testimonia
886 1514 1124 1603 prophetarum
1146 1529 1224 1582 suut
1245 1516 1362 1580 eadem
1380 1534 1457 1580 cum
1507 1515 1639 1581 mittere
1672 1528 1834 1601 peccata:
1878 1514 1982 1583 multo
2021 1518 2131 1583 minus
2174 1516 2241 1583 boc
2279 1518 2492 1605 cogitabant,

477 1622 562 1671 voce
583 1598 824 1689 Apostolorum
846 1611 880 1667 et
901 1599 1041 1668 Christi:
1071 1598 1122 1665 llli
1151 1603 1352 1668 enarrabant
1379 1619 1456 1687 pro·
1507 1597 1669 1667 Messium
1700 1599 1821 1668 tollere
1844 1614 1982 1669 mortem
2016 1613 2207 1682 aeternam,
2234 1623 2276 1669 co
2313 1605 2432 1669 tabant
2452 1620 2494 1670 st

474 1690 682 1756 missionem:
717 1688 790 1751 Das
821 1687 922 1750 suiten
955 1688 1009 1749 die
1037 1685 1207 1750 Ptarom
1234 1686 1314 1750 eceb
1340 1685 1456 1770 pertas
1507 1686 1616 1751 iustos
1638 1706 1716 1752 esse
1739 1706 1800 1753 sua
1820 1688 1954 1754 iustitia.
2000 1687 2072 1750 Das
2092 1689 2168 1751 aad
2189 1708 2265 1754 meu
2287 1689 2382 1769 acia,
2403 1708 2493 1776 quse

474 1774 583 1838 laba
628 1775 698 1842 Sed
725 1787 758 1840 et
786 1786 865 1840 ante
885 1785 1034 1859 tempora
1057 1772 1314 1840 Pharisaeomm
1337 1772 1456 1839 Sacer·
1507 1769 1641 1856 refutat,
1664 1783 1696 1838 et
1714 1774 1814 1840 docet
1835 1794 1874 1839 se
1895 1772 2016 1841 tollere
2036 1787 2176 1860 peccata
2193 1788 2228 1840 et
2254 1792 2384 1862 poenas
2411 1795 2491 1863 pec

475 1862 574 1928 dotes
595 1860 737 1928 Levitici
758 1857 852 1928 obliti
872 1860 1117 1945 promissionis,
1138 1872 1197 1925 aut
1218 1856 1456 1946 saltemnegll·
1508 1869 1669 1924 catorum.

542 1960 595 2014 tes
627 1968 743 2014 verum
776 1942 979 2012 intellectum
1006 1946 1258 2031 promissionis:
1290 1947 1487 2035 urgebant·

474 1967 601 2121 ffiem
622 2045 656 2099 et
673 2032 859 2113 Sacrificio,
883 2033 1010 2098 omum
1026 2033 1247 2118 promissione
1259 2033 1301 2097 de
1311 2011 1487 2118 gratuitsl
1566 2017 1692 2103 Estne
1723 2021 2002 2106 universaliter
2038 2034 2255 2134 peccatum
2285 2049 2431 2107 caum

474 2120 673 2188 remissione
693 2130 924 2206 peccatorum=
947 2119 1023 2183 ideo
1035 2118 1249 2185 mittebantur
1259 2115 1456 2204 prophetae,
1911 2140 2079 2226 mortis?

473 2218 513 2274 ut
533 2205 739 2291 explicarent
770 2203 1024 2290 promissiones.
1068 2203 1137 2269 Sed
1164 2206 1198 2269 in
1227 2224 1317 2270 novo
1339 2201 1455 2269 Testa·

473 2303 587 2359 mento
609 2310 770 2376 expresse
792 2300 844 2355 est
864 2289 1046 2356 institutum
1069 2289 1286 2356 biinistcrium
1304 2288 1455 2378 Evange
1592 2283 1666 2351 ast
1711 2285 1853 2354 contrat

473 2376 521 2456 lit,
545 2390 579 2444 et
606 2388 660 2444 est
689 2373 862 2466 singulus
889 2376 1078 2495 mandatum
1101 2377 1144 2441 de
1165 2376 1361 2443 remissione
1381 2395 1456 2462 ew
1637 2405 1781 2470 cartam
1803 2416 1851 2471 est
1866 2416 2015 2483 mem,
2037 2415 2068 2471 a
2081 2410 2147 2490 saa
2167 2412 2236 2475 etna
2254 2418 2410 2492 meato:

474 2478 636 2615 catorffitpt·
732 2551 741 2570 Ο
802 2549 811 2568 ⁸
1277 2551 1285 2568 ‚
1636 2492 1724 2576 Erpo
1745 2513 1808 2558 nott
1831 2503 1877 2556 eri
1894 2495 2112 2558 urstmrsattter
2122 2514 2196 2559 carc
2211 2496 2492 2582 manticem&

642 2551 850 2637 imaginatio:
873 2548 1060 2610 Homonoia
1077 2555 1188 2629 potest
1208 2555 1364 2610 Μητίονα
1381 2566 1457 2629 pcc·
1682 2600 1768 2645 mo„
1788 2584 1833 2644 ,ἢ
1850 2586 1980 2664 Imm
1995 2601 2115 2665 pom,

475 2644 559 2710 ectu,
582 2647 720 2702 eatenus
738 2656 820 2700 vera
837 2645 907 2715 est,
933 2634 1024 2720 quod
1046 2631 1145 2699 homo
1176 2654 1238 2699 sua
1260 2636 1456 2700 auctoritate

474 2742 544 2788 non
599 2731 688 2786 otest
715 2722 881 2787 remittere
909 2731 1055 2806 peccata.
1106 2719 1265 2804 Recipis
1295 2719 1371 2785 Deo
1404 2729 1457 2786 est
1593 2714 1805 2803 Respondeo.
1850 2718 2005 2787 Christus
2031 2731 2183 2787 mortuos
2212 2732 2266 2786 est
2293 2722 2492 2807 pronubis,

474 2745 648 2894 singulare
669 2826 755 2893 opus
775 2804 854 2884 Dei,
877 2818 909 2873 et
931 2806 998 2873 hoc
1020 2818 1073 2872 est
1101 2805 1282 2873 revelatum
1303 2805 1457 2893 Euange·
1507 2812 1542 2867 et
1563 2802 1650 2882 ideo,
1674 2806 1751 2890 quie
1772 2806 1847 2891 ipse
1864 2819 2017 2873 mortuus
2039 2816 2194 2885 est‚'cum
2210 2818 2302 2873 esset
2314 2808 2492 2888 innocens,

473 2890 536 2959 lio:
559 2892 673 2974 ntra,
697 2895 753 2975 qui
773 2900 821 2955 ert
842 2896 876 2954 in
897 2895 968 2954 siim
988 2892 1111 2968 Patris,
1132 2895 1201 2974 ipse
1222 2894 1385 2959 manarit
1403 2912 1457 2955 uo·
1507 2885 1662 2954 liberavit
1693 2910 1767 2955 nos.
1811 2891 1893 2957 Eius
1919 2913 2012 2960 mors
2039 2893 2103 2959 fuit
2123 2893 2265 2977 pretium
2287 2895 2407 2959 mortis
2428 2916 2492 2982 pro

476 2981 534 3042 dir.
580 2979 721 3053 Quando
744 2980 891 3065 baptizat
913 2980 1073 3057 minister,
1094 2981 1213 3064 recipit
1234 2978 1328 3045 Deus
1351 2978 1457 3064 bapti·
1507 2975 1621 3041 uobis:
1654 2974 1727 3038 Das
1752 2980 1795 3040 ist
1826 2978 1878 3040 cin
1906 2982 1996 3061 ripen
2017 2979 2109 3061 Dinp
2136 2981 2179 3046 de
2201 2976 2348 3046 christu.
2391 2981 2492 3049 Hunc

475 3078 587 3132 zatum
609 3064 784 3131 hominem.
819 3064 893 3132 Hoc
914 3066 1012 3130 etiam
1035 3075 1087 3128 est
1108 3066 1277 3132 remittere
1297 3074 1457 3150 peccata:
1507 3062 1585 3126 ideo
1617 3064 1764 3148 oportuit
1796 3066 2005 3131 innocentem
2040 3085 2132 3146 esse,
2164 3080 2201 3132 ut
2232 3076 2326 3132 esset
2347 3069 2492 3153 pretium

474 3152 546 3232 Epo
569 3152 693 3235 baptizo
715 3159 747 3214 tc
768 3155 802 3213 in
825 3154 987 3233 cpuib'one
1004 3159 1035 3214 et
1051 3150 1384 3231 inuocationcPotrir,
1405 3152 1457 3213 Fi·
1507 3166 1569 3231 pro
1591 3144 1675 3213 aliis.
1719 3148 1910 3217 Interiectio
1931 3149 2018 3218 Abel
2040 3173 2108 3219 non
2141 3149 2204 3217 tuit
2226 3172 2337 3238 poena
2359 3154 2491 3240 peccati

475 3237 525 3317 lii,
542 3246 573 3300 et
594 3238 735 3321 Spiritus
757 3242 870 3300 revicti.
915 3238 1055 3324 Baptizo
1079 3250 1130 3318 te,
1157 3250 1194 3304 ut
1220 3242 1268 3306 sis
1296 3248 1457 3324 acceptus
1507 3232 1669 3300 actualis:
1698 3236 1731 3300 id
1764 3248 1833 3309 est,
1856 3257 1925 3303 non
1947 3236 2073 3306 iecerat
2093 3239 2175 3306 arlia
2196 3236 2330 3323 delicta,
2354 3251 2492 3327 propter

473 3324 529 3391 isti
552 3324 639 3405 Deo,
657 3326 713 3411 qui
735 3345 816 3391 vere
838 3336 892 3391 est
912 3324 1018 3402 Deus,
1040 3336 1198 3390 aeternus
1216 3325 1328 3403 Peter,
1351 3326 1457 3411 quite
1509 3340 1596 3405 quae
1617 3323 1667 3386 sic
1688 3333 1780 3388 esset
1800 3325 2005 3412 puniendus,
2034 3337 2143 3391 tamen
2166 3345 2188 3390 a
2208 3327 2318 3412 prima
2339 3324 2420 3393 labe
2440 3338 2491 3393 est

474 3411 614 3477 redemit
624 3431 686 3498 per
696 3407 825 3492 Filium,
838 3409 1217 3495 etsanctiiicatSpiritus
1228 3423 1358 3490 sancto,
1371 3410 1457 3476 etvi·
1508 3417 1584 3471 orta
1606 3405 1777 3475 calamitas
1800 3412 1935 3497 generis
1962 3409 2113 3479 humani:
2142 3425 2279 3499 propter
2300 3423 2490 3500 peccatum,

476 3499 588 3564 cissim
611 3498 845 3565 attuinvoces
856 3495 950 3562 illum
961 3495 1083 3573 Deum,
1095 3498 1151 3582 qui
1164 3509 1216 3561 est
1226 3509 1382 3562 aeternas
1395 3495 1457 3561 Pa·
1508 3493 1599 3578 quod
1620 3496 1793 3562 nobiscum
1814 3499 1973 3576 nascitur,
1995 3516 2102 3583 genus
2123 3498 2304 3566 humanum
2332 3510 2387 3565 est
2407 3506 2492 3565 mer·

474 3594 538 3664 ter,
550 3585 606 3733 ffii
617 3593 651 3649 te
662 3584 801 3648 redemit
812 3580 1456 3668 perfiliam,etsanctificatSpiritusan·
1507 3599 1582 3645 sum
1605 3580 1638 3644 in
1660 3593 1811 3649 mortem.
1855 3584 1905 3651 lta
1931 3583 2165 3650 universaliter
2186 3584 2395 3652 calauritates
2416 3595 2492 3651 suut

475 3680 540 3736 cto.
595 3690 647 3734 em
656 3666 1456 3753 explicationemcorrelutivambenemementote
1507 3686 1530 3731 a
1550 3679 1704 3751 peccato,
1726 3672 1811 3735 sicut
1831 3672 1954 3739 dictum
1977 3681 2044 3736 estr
2068 3670 2132 3733 Per
2148 3680 2315 3753 peccatum
2337 3693 2423 3735 mors
2444 3676 2491 3733 is·

475 3755 534 3822 Sic
556 3756 643 3821 etin
667 3752 741 3820 aliis
764 3757 915 3840 partibus
937 3756 1107 3821 ministerii
1119 3758 1331 3822 annuntiatur
1341 3757 1456 3821 remis·
1480 3816 1484 3833 ,
1508 3755 1616 3817 travit.
1651 3752 1778 3821 Postea
1800 3769 1878 3822 sarrit
1900 3753 2101 3862 singularia,
2122 3770 2159 3824 ut
2181 3759 2272 3845 quod
2293 3757 2354 3825 lob
2377 3760 2491 3845 dispu-

474 3843 527 3907 sio
549 3853 778 3929 peccatorum,
812 3862 898 3928 quae
930 3843 1084 3907 remissio
1106 3853 1319 3928 peccatorum
1341 3838 1402 3908 fuit
1422 3843 1456 3905 in
1479 3846 1487 3927 i
1508 3848 1557 3903 tat
1583 3857 1623 3903 se
1655 3839 1776 3906 iniuste
1802 3844 1927 3925 puniri:
1960 3844 1993 3907 nl
2016 3854 2081 3919 est,
2114 3866 2182 3909 non
2209 3855 2347 3931 propter
2378 3845 2492 3932 aliqua

474 3927 751 4013 promissionibus
773 3928 868 4012 prius
891 3928 987 3994 etium
1006 3929 1191 4012 proposita,
1218 3929 1280 3994 sed
1296 3926 1457 4009 involuta,
1480 3934 1486 3991 t
1508 3922 1655 3991 actualia
1687 3940 1843 4013 peccata,
1878 3950 1964 4013 spirae
1995 3932 2172 3995 claruerint
2199 3930 2398 4016 simpliciter
2425 3930 2491 3997 boc

473 4034 542 4080 non
576 4014 627 4079 sic
660 4011 829 4096 explicata
863 4027 896 4079 et
928 4010 1074 4093 evoluta,
1107 4015 1195 4081 sicut
1227 4025 1345 4100 postea
1367 4033 1457 4079 novo
1508 4008 1723 4095 supplicium:
1746 4016 1832 4080 sicut
1852 4013 1935 4080 alius
1951 4018 2085 4092 coclitis,
2106 4015 2491 4085 oliasoiiiictionescssa

473 4099 632 4166 mandato
665 4119 717 4164 est
750 4098 897 4167 evoluta·
941 4098 1073 4161 Dounon
1093 4108 1167 4181 sapi
1198 4120 1261 4162 mm
1280 4099 1458 4179 ¹Christus,
1507 4105 1654 4183 tta-opius,
1687 4096 1773 4165 alius
1800 4100 1991 4183 δοκιμασίας,
2014 4101 2098 4169 alias
2119 4105 2277 4190 μαρτύρια,
2299 4120 2491 4171 autumem

473 4185 564 4252 hanc
585 4197 784 4270 potestatem
808 4206 887 4252 esse
914 4185 1101 4253 hominibus
1130 4189 1240 4254 datam
1270 4187 1457 4253 remittendi
1509 4183 1623 4272 λίτρον.

474 4284 627 4357 peccato,
650 4274 806 4338 donatam
827 4294 848 4339 a
868 4271 958 4353 Deo,
979 4284 1117 4359 propter
1138 4272 1265 4340 lilium.
1309 4273 1402 4339 Dicit
1422 4274 1457 4337 in
1594 4270 1666 4333 Das
1686 4270 1744 4334 but
1764 4293 1797 4334 cr
1818 4272 1870 4333 bie
1887 4277 2060 4357 copeseipt,
2082 4276 2173 4361 quod
2194 4273 2404 4342 calamitates
2425 4276 2490 4341 sint
2518 4328 2531 4353 ,

473 4379 564 4425 novo
596 4357 809 4426 Testamenta
842 4360 1058 4427 ministerium
1087 4358 1182 4425 Euan
1227 4358 1261 4426 lii
1294 4380 1457 4447 expresse
1510 4368 1605 4423 ortae
1637 4379 1658 4422 a
1689 4371 1853 4444 peccato,
1886 4381 1960 4426 cum
1988 4362 2136 4446 primum
2168 4363 2305 4428 remittit
2337 4372 2487 4447 peccatu·

472 4444 659 4511 institutum
692 4463 783 4524 esse,
816 4445 851 4510 in
883 4466 950 4532 quo
984 4447 1029 4511 sit
1056 4448 1283 4512 annantemla
1305 4448 1456 4514 remissio
1509 4441 1653 4510 Maxima
1685 4465 1766 4529 pare
1799 4445 1999 4513 calamitatis
2031 4448 2066 4513 in
2100 4466 2226 4536 genere
2257 4445 2405 4515 bumano
2436 4454 2488 4514 est

472 4541 697 4618 peccatorum.
741 4529 803 4595 Est
826 4541 936 4597 autem
958 4533 1104 4598 omnium
1116 4533 1356 4600 beneficiorum
1368 4555 1456 4601 sum·
1509 4549 1617 4615 poena
1640 4532 1738 4597 etiam
1760 4531 1938 4600 actualium
1955 4532 2165 4615 delictorum,
2187 4534 2280 4601 iuxta
2288 4532 2387 4601 illude
2407 4532 2487 4597 Pro

458 4638 579 4697 ·mum,
602 4612 722 4682 tollere
767 4628 937 4699 eccatum,
958 4619 1039 4684 iram
1066 4618 1142 4689 Dei,
1176 4630 1210 4685 et
1231 4630 1389 4699 mortem,
1423 4630 1457 4686 et
1506 4624 1579 4698 pter
1596 4626 1732 4700 peccata
1755 4622 1890 4701 corripit
1907 4620 1993 4702 filios
2012 4621 2155 4684 bominis.
2199 4619 2294 4687 ltem=
2316 4620 2404 4682 lrmn
2423 4620 2488 4683 Do·

472 4704 602 4783 testari,
624 4702 716 4789 quod
737 4638 832 4769 Beue
866 4700 946 4770 velit
978 4724 1043 4772 nos
1075 4703 1225 4793 pollutos
1252 4704 1456 4772 horribiliter
1508 4706 1585 4765 mini
1612 4704 1771 4786 portabo,·
1802 4709 1878 4788 prtia
1906 4711 2040 4788 peccaui
2072 4711 2111 4771 ci.
2159 4705 2228 4769 Dur
2247 4710 2292 4770 tst
2311 4709 2427 4789 paredt
2447 4707 2488 4772 de

472 4801 506 4855 et
530 4789 776 4855 contaminatos
799 4791 948 4876 recipere
970 4804 1109 4876 propter
1129 4790 1265 4877 Filium,
1287 4793 1455 4873 exaudire,
1508 4788 1697 4858 actualibus
1718 4793 1877 4876 peccatis,
1900 4813 1988 4879 quae
2008 4792 2111 4859 multa
2133 4807 2167 4859 et
2187 4806 2488 4882 magnavagnutur

471 4885 507 4942 et
529 4895 694 4942 servare..
723 4874 904 4965 Sicigitur
926 4878 1053 4963 etipse
1074 4879 1130 4944 hic
1158 4880 1328 4945 annuntiat
1357 4898 1455 4963 para·
1507 4897 1569 4963 per
1595 4898 1703 4964 genus
1726 4877 1913 4944 humanum.
1957 4878 2092 4950 Videte,
2120 4900 2217 4965 quam
2250 4882 2413 4948 miserum
2434 4880 2487 4958 sit,
2561 4878 2568 4887 '

472 4960 579 5028 ltico
606 4963 836 5030 remissionem
859 4974 1084 5050 peccatorum.
1129 4963 1196 5030 lam
1218 4967 1370 5051 sequitur
1390 4976 1455 5033 tor·
1509 4965 1599 5049 quod
1619 4965 1655 5029 in
1676 4962 1831 5031 Ecclesia
1859 4966 1904 5031 sit
1925 4976 1991 5031 tam
2018 4964 2157 5031 multum
2181 4985 2350 5046 errorum,
2370 4979 2408 5033 et
2427 4962 2488 5032 trt-

473 4984 540 5114 tlus
573 5047 682 5116 locus.
728 5049 765 5116 ln
799 5052 972 5116 curatione
1004 5049 1059 5117 bic
1091 5052 1260 5139 praecedit
1286 5050 1453 5118 Remissio
1508 5068 1620 5115 sarum
1642 5053 1852 5138 opinionum,
1880 5053 1979 5117 etiem
1999 5052 2034 5116 in
2057 5053 2165 5117 bonis.
2207 5051 2347 5139 Loquor
2367 5053 2413 5121 dc
2433 5054 2488 5119 bo·

471 5147 698 5220 peccatorum.
1508 5137 1561 5200 nis
1582 5148 1616 5202 et
1642 5139 1782 5217 sanctis,
1809 5158 1877 5202 non
1911 5138 1954 5204 de
1976 5139 2270 5224 contemptoribus.
2313 5138 2367 5204 lili
2389 5141 2487 5206 etiam

1508 5224 1620 5289 sancti
1651 5221 1776 5289 babent
1807 5222 1896 5288 mala
1928 5225 2092 5303 incendia,
2127 5225 2344 5309 cupiditates,
2378 5244 2486 5314 vagus

730 5312 867 5418 Quare
898 5316 955 5401 310
984 5316 1198 5429 procedi&
1508 5321 1619 5376 motus
1652 5309 1800 5397 aliquos,
1833 5312 1889 5397 qui
1923 5322 2001 5376 sunt
2032 5312 2255 5396 praecipitas,
2288 5324 2323 5379 et
2349 5332 2420 5379 nou
2442 5308 2486 5375 fa-

1508 5393 1574 5461 cile
1605 5408 1747 5483 possunt
1777 5398 1923 5482 reprimi,
1959 5399 2017 5459 mic
2042 5395 2166 5464 Paulus
2192 5405 2284 5481 rapt.-
2311 5397 2417 5481 Rapit
2440 5413 2486 5462 nt
2538 5414 2541 5419 ·

559 5474 606 5544 Ut
627 5479 751 5545 doceat.
772 5500 890 5546 omnes
913 5478 1119 5550 calamitates
1142 5502 1221 5548 esse
1243 5502 1285 5548 ex
1301 5495 1455 5569 peccato,
1507 5485 1664 5564 captiuam
1686 5490 1868 5567 peceatum:
1904 5482 1951 5544 Ee
1981 5484 2113 5548 abnuit
2142 5486 2249 5549 einen:
2286 5486 2485 5572 praecipitas

473 5575 506 5630 et
528 5566 619 5649 quod
640 5577 816 5652 peccatum
838 5568 881 5632 sit
907 5569 1014 5653 prima
1041 5579 1074 5635 et
1105 5566 1296 5656 principalis
1329 5591 1454 5638 caussa
1507 5580 1618 5637 motus
1639 5588 1708 5635 uon
1729 5571 1775 5636 ita
1796 5582 1941 5658 possunt
1962 5572 2104 5656 reprimi.
2148 5571 2256 5638 Nemo
2269 5584 2402 5639 esttam
2411 5590 2485 5639 ctu·
