5934 6709
477 694 545 762 599
1126 693 1239 760 l'lllL.
1261 694 1364 760 hlEL.
1389 695 1576 763 sctum
1599 693 1863 763 mantica
2420 695 2488 764 60⁰

476 901 666 974 agnoscunt
687 908 802 954 veram
825 884 946 963 Deum,
963 885 1130 963 invocant,
1149 881 1301 969 diligunt,
1323 895 1355 947 et
1377 885 1456 948 obe-
1509 902 1569 949 aus
1592 880 1712 947 Denuo.
1756 883 1884 950 Probo:
1905 883 1955 946 Ite
1972 887 2005 945 ia
2022 886 2123 965 ipsein
2145 891 2310 956 aeteram,
2327 889 2487 969 ovipara·

478 975 572 1039 diunt
593 976 635 1054 ei,
656 985 689 1039 et
711 973 869 1039 obediunt
891 972 954 1035 sibi
977 972 1063 1035 inter
1084 990 1123 1034 se
1145 990 1208 1034 suo
1231 971 1361 1035 ordine:
1402 971 1456 1035 uia
1510 975 1559 1030 tar
1581 976 1628 1028 est
1651 967 1808 1030 Diabolis.
1854 969 1896 1034 Et
1917 971 1950 1034 in
1973 967 2123 1053 Epistola
2140 968 2251 1049 ludae,
2279 971 2419 1035 Vinculis
2436 993 2488 1034 ae-

477 1059 601 1126 habeut
623 1062 783 1126 ordinem.
827 1057 902 1122 Non
925 1068 1003 1123 sunt
1032 1056 1230 1133 homicidae,
1254 1056 1315 1120 sed
1339 993 1455 1121 volunt
1508 1059 1606 1117 ternis
1627 1054 1682 1116 aad
1708 1055 1843 1138 ealigine
1870 1058 2013 1122 amancii.
2065 1054 2109 1120 Et
2134 1058 2167 1121 2.
2189 1055 2279 1122 Petri
2300 1059 2333 1125 2.
2358 1058 2488 1122 cateno

478 1166 616 1212 servare
634 1148 735 1211 vitam
753 1145 888 1223 homini,
909 1156 987 1207 siunt
1011 1142 1162 1220 benefici,
1185 1142 1279 1221 casti,
1301 1139 1456 1220 officiosi,
1508 1139 1655 1224 coh'pinis
1687 1145 1721 1202 in
1750 1149 1902 1203 tartarum
1924 1142 2166 1224 praecipitatas.
2211 1140 2258 1204 Er
2285 1143 2415 1208 mancii
2442 1147 2487 1210 da

477 1252 629 1298 veraces.
674 1230 769 1297 'l’alia
791 1240 904 1294 amant
925 1240 958 1292 et
986 1230 1156 1313 requirunt
1185 1230 1218 1291 in
1252 1229 1350 1292 nobis
1383 1229 1455 1292 suis
1507 1226 1568 1288 das
1584 1235 1663 1289 cori
1683 1227 1891 1315 ταρταρώσας.
1936 1228 2078 1309 Hebraei
2109 1226 2234 1294 babeat
2267 1253 2367 1296 ιιιιιιιιι
2385 1253 2486 1299 voca·

477 1320 592 1395 sociis,
610 1330 647 1384 ut
668 1318 801 1383 dicitur:
833 1315 958 1377 Similes
990 1335 1057 1376 aon
1088 1313 1239 1374 similibus
1261 1313 1361 1392 focile
1382 1332 1455 1374 eoo-
1508 1310 1621 1379 bulum
1642 1313 1779 1387 scdaeol,
1803 1315 1890 1399 quod
1914 1312 2079 1400 significat
2101 1313 2245 1392 inieras,
2275 1316 2329 1379 ilie
2345 1317 2419 1399 tei,
2452 1320 2488 1386 id

475 1412 655 1486 peponum.
701 1406 737 1469 Si
761 1405 768 1467 i
794 1405 858 1468 itur
880 1404 931 1465 vis
954 1398 1095 1487 angelos
1123 1401 1266 1465 rotinere
1294 1400 1382 1483 apud
1410 1412 1455 1479 te,
1508 1412 1569 1478 est,
1591 1398 1702 1465 locum
1726 1396 1968 1465 damnatorum.
2012 1399 2142 1465 Graece
2159 1397 2244 1493 ᾅδης.
2292 1401 2483 1474 hcorintlu

476 1491 526 1553 sis
549 1487 637 1570 talis,
660 1491 714 1575 qai
749 1424 869 1574 diligas
890 1487 1021 1566 Deum,
1054 1487 1110 1572 qui
1142 1506 1234 1549 ames
1267 1488 1453 1564 veritatem,
1509 1485 1559 1550 15.
1604 1488 1662 1550 noi
1678 1508 1744 1565 σου,
1765 1481 1834 1576 ᾅδῃ,
1855 1493 1950 1566 inoffi
1971 1485 2044 1547 Dos
2069 1495 2149 1548 mort
2180 1487 2344 1574 τάρταρος,
2379 1501 2433 1557 est
2464 1512 2486 1558 a

476 1579 747 1660 temperantiam,
782 1575 976 1639 castitatem.
1021 1572 1166 1638 Sanctus
1198 1571 1330 1656 quidam
1354 1570 1455 1635 Pater
1505 1595 1541 1634 ττι
1563 1570 1651 1655 dno,
1674 1571 1783 1633 turbo.-
1804 1565 1881 1662 ᾃδρς
1902 1574 1944 1638 ab
1967 1572 1987 1636 ᾰ
2009 1585 2040 1635 et
2063 1570 2179 1652 {aalma
2196 1575 2355 1655 tenebris,
2373 1597 2395 1640 a
2416 1598 2485 1643 nou

476 1662 558 1725 vidit
578 1663 741 1726 interdum
764 1661 849 1747 apud
873 1656 1105 1724 adolescentes
1127 1677 1270 1742 porcos,
1292 1657 1454 1721 interdum
1507 1595 1665 1722 silendo:
1686 1657 1731 1718 So
1748 1666 1821 1738 sapt
1842 1678 1877 1718 er
1897 1657 2060 1744 itiaquod
2082 1659 2126 1722 sit
2147 1662 2298 1728 abiectus
2321 1663 2354 1726 in
2377 1673 2486 1727 aeter.

395 1819 397 1823 ¹
476 1745 637 1834 angelos:
659 1758 692 1813 et
719 1767 793 1813 cum
826 1743 1004 1830 aliquoties
1036 1745 1080 1807 ita
1113 1743 1275 1820 vidisset,
1308 1743 1455 1808 accessit
1505 1764 1569 1814 nas
1601 1745 1781 1822 tenebras,
1815 1764 1882 1809 non
1911 1742 2112 1809 liberabitur.
2157 1745 2248 1810 Sicut
2272 1746 2486 1835 Origeuistaa

503 1855 593 1919 rope.
639 1834 686 1898 lbi
709 1831 1095 1916 auiniadvertit,quando
1114 1831 1194 1894 vidit
1216 1848 1351 1914 porcos,
1364 1829 1453 1913 quod
1507 1842 1539 1893 et
1556 1827 1611 1893 alii
1633 1831 1810 1895 linxerunt.

475 1854 692 2003 loquerentur
713 1921 755 1983 de
777 1921 878 1983 rebus
900 1919 1098 1992 obscoenis3
1121 1928 1153 1980 et
1174 1916 1307 2001 quando
1336 1916 1378 1978 de
1405 1935 1454 1978 re·
1594 1914 1629 1978 ln
1658 1913 1862 2003 Apocalypsi
1896 1928 1949 1979 est
1979 1936 2020 1980 ca
2043 1962 2050 1976 .
2076 1916 2128 1994 12,
2151 1918 2241 2001 qaod
2262 1916 2420 1981 Diabolus
2446 1925 2483 2000 fit

477 2007 541 2069 bus
567 2007 664 2069 bonis
682 2017 716 2069 et
739 2005 865 2069 sanctis
888 2002 921 2068 lo
947 2015 1116 2081 uerentur,
1140 2002 1268 2067 versari
1286 2004 1371 2066 iuter
1392 2022 1452 2064 eos
1506 2003 1669 2083 decipiens
1701 2009 1798 2064 totam
1830 2009 1953 2064 terram
2040 2014 2053 2064 t
2085 2013 2234 2088 tempore
2265 2003 2484 2073 Ethnicomm

450 2089 628 2175 angelos.
674 2089 790 2155 Potest
823 2110 901 2154 esse
923 2025 1086 2154 historia:
1119 2090 1196 2174 quia
1229 2101 1354 2152 certum
1388 2098 1453 2166 est,
1505 2091 1647 2153 maxirna
1669 2107 1748 2171 pars
1771 2088 1904 2173 generis
1928 2085 2058 2151 humaui
2082 2084 2141 2153 fuit
2163 2087 2263 2172 plena
2280 2092 2484 2158 tristissima·

476 2178 533 2240 ubi
557 2189 635 2240 sunt
657 2197 832 2241 sermones
855 2175 1037 2254 obscoeni,
1071 2175 1137 2239 vita
1171 2177 1293 2258 turpis,
1314 2171 1453 2251 furiosa,
1506 2196 1577 2239 rum
1600 2170 1871 2238 idololatriarum.
1917 2172 2039 2236 Postea
2061 2173 2094 2237 in
2117 2175 2189 2259 ipso
2202 2174 2326 2261 populo
2337 2175 2404 2243 Dei
2422 2175 2485 2245 luit

477 2271 511 2325 et
533 2259 720 2340 diabolica,
753 2262 807 2323 Do
840 2265 884 2322 ist
916 2261 974 2321 der
1001 2261 1112 2341 teoffel,
1135 2261 1182 2321 als
1204 2263 1237 2318 in
1254 2261 1314 2320 deu
1338 2267 1453 2320 warsten
1505 2257 1673 2326 horribilis
1696 2258 1859 2332 conlusio,
1882 2258 1930 2319 als
1948 2259 2153 2338 Sadducaei,
2181 2263 2237 2345 qui
2264 2259 2398 2330 luerunt
2425 2265 2482 2330 de·

475 2348 597 2426 zechen,
620 2350 675 2412 ubi
700 2350 781 2412 liunt
803 2349 933 2412 caedes.
987 2344 1114 2412 Contra
1142 2347 1198 2411 obi
1225 2358 1303 2411 suut
1329 2366 1454 2410 sermo·
1506 2347 1647 2411 teriores
1659 2344 1819 2410 Ethnicis.
1842 2345 2013 2423 Socrates,
2026 2343 2212 2431 Xenophon
2230 2346 2362 2415 luerunt
2379 2348 2482 2416 multo

476 2454 537 2498 nes
559 2434 715 2514 modesti,
739 2436 855 2500 eruditi
879 2436 921 2497 de
942 2432 1040 2512 Deo,
1068 2434 1234 2498 derebus
1257 2433 1376 2509 bouis,
1408 2431 1453 2495 ibi
1506 2429 1734 2518 religiosiores
1757 2432 1987 2510 sadducaeis,
2021 2433 2076 2516 qui
2098 2429 2231 2498 luerunt
2251 2433 2428 2520 Epicuraei
2449 2450 2483 2506 et

475 2522 639 2585 intersunt
660 2520 738 2585 boui
760 2518 883 2606 angeli,
905 2521 960 2605 qui
983 2516 1189 2583 delectantur
1216 2519 1313 2583 etiam
1340 2517 1455 2597 audire
1529 2521 1608 2582 orci.
1671 2516 1840 2581 Pharisaei
1880 2518 1954 2578 sind
1991 2519 2041 2577 eiu
2072 2521 2174 2600 wenip
2205 2520 2305 2582 ocem
2335 2542 2483 2603 peronen.

475 2627 552 2685 uos,
575 2609 690 2671 audire
711 2620 860 2671 nostram
882 2607 1092 2683 sententiam,
1111 2616 1257 2669 nostram
1270 2600 1454 2668 consessio·
1506 2541 1612 2669 lltiam
1635 2602 1735 2688 aliqui
1758 2604 1844 2668 iuter
1856 2603 2068 2676 Pharisaeos,
2079 2605 2135 2689 qui
2159 2622 2379 2673 correxerunt
2400 2629 2483 2676 suos

475 2711 563 2771 uem,
586 2704 649 2756 etc.
1381 2723 1388 2741 ·
1508 2710 1653 2769 errores,
1676 2701 1757 2753 sunt
1776 2689 1909 2768 salvati,
1931 2690 1992 2754 sed
2020 2692 2209 2774 pertinaces
2243 2690 2376 2760 luerunt
2406 2697 2483 2760 sim·

1507 2776 1637 2862 pliciter
1659 2777 1757 2860 impii.
1802 2776 1900 2840 Nunc
1921 2775 2064 2840 maxima
2086 2797 2165 2859 para
2193 2780 2323 2858 generis
2350 2780 2485 2847 humaui

1508 2877 1560 2928 est
1571 2860 1803 2927 Mahoruetica.
1847 2860 1883 2924 lu
1895 2857 2012 2926 Africa
2030 2875 2083 2927 cst
2105 2874 2195 2928 terra
2217 2866 2402 2931 barbaries:
2425 2866 2485 2932 ho·

1121 3014 1123 3017 ,
1508 2949 1612 3014 mines
1635 2949 1679 3012 ibi
1701 2959 1779 3012 suut
1800 2949 1873 3011 sine
1895 2945 1992 3026 Deo,
2025 2948 2098 3012 sine
2131 2947 2237 3031 cultu;
2271 2961 2384 3036 patres
2407 2952 2483 3028 dom

646 3023 762 3125 Quae
798 3035 861 3105 est
889 3022 1071 3104 definitio
1099 3019 1290 3106 Diaboli?
1507 3037 1610 3100 miant
1643 3055 1719 3100 cnm
1753 3031 1901 3112 filiabus,
1923 3046 1987 3099 etc.
2011 3032 2190 3100 Praeterea
2222 3037 2256 3101 iu
2290 3034 2347 3101 illa
2423 3051 2485 3120 rte,

1507 3141 1593 3206 quiae
1616 3121 1736 3185 dieitur
1757 3116 1928 3198 Ecclesia,
1951 3139 2049 3204 quam
2076 3115 2143 3185 late
2173 3133 2288 3206 patent
2316 3143 2381 3189 con
2397 3125 2484 3191 asio-

561 3204 613 3270 Sit
634 3205 719 3270 baec
740 3203 899 3270 definitio.
934 3202 1099 3269 Diabolus
1116 3213 1168 3267 est
1183 3216 1455 3288 personacreata
1506 3226 1567 3271 nes
1601 3207 1633 3271 in
1665 3203 1808 3290 Papatu!
1831 3203 1997 3271 Diabolus
2029 3207 2197 3272 mordicus
2227 3209 2347 3273 retinet
2378 3221 2483 3279 tetras

474 3287 594 3356 aDeo
616 3288 819 3376 spiritualis,
853 3310 939 3376 quaa
971 3310 1046 3355 cum
1080 3289 1213 3354 condita
1242 3300 1334 3354 esset
1354 3289 1453 3368 iusta,
1506 3289 1722 3369 idololatrias,
1745 3293 1990 3357 invocationem
2016 3303 2230 3372 sanctorum,
2256 3295 2485 3363 adorationem

474 3378 583 3442 mmeh
605 3397 669 3442 sna
691 3376 864 3442 voluntate
895 3373 1000 3442 libera
1033 3377 1138 3462 prima
1173 3371 1293 3440 defecit
1322 3374 1453 3454 aDeo,
1505 3380 1613 3464 panis,
1625 3377 1775 3443 Missam.
1821 3376 1930 3439 Daiei
1947 3378 2044 3440 deisst
2065 3398 2099 3440 er
2116 3380 2286 3464 decipiens
2306 3392 2409 3447 totam
2421 3378 2485 3449 ter}

476 3473 511 3528 et
530 3465 638 3548 prima
660 3483 782 3528 caussa
798 3462 930 3546 pcccati
953 3473 1016 3527 est.
1059 3463 1108 3546 (es
1129 3464 1173 3523 ist
1194 3463 1245 3522 eia
1265 3480 1358 3543 prose
1378 3458 1454 3525 Eru-
1505 3485 1588 3545 ram,
1610 3463 1669 3526 der
1687 3463 1760 3525 bats
1776 3464 1833 3542 far
1852 3463 1919 3526 aad
1936 3465 1992 3544 fiir
2012 3464 2127 3546 petitori
2159 3468 2202 3530 ab
2237 3466 2327 3534 initio
2361 3470 2485 3549 mandi,

472 3548 591 3636 phasis
612 3551 646 3609 in
667 3548 753 3621 dein,
776 3553 897 3635 prima)
931 3561 964 3612 et
995 3557 1105 3613 manet
1137 3549 1171 3611 in
1205 3547 1282 3611 odio
1316 3555 1453 3611 aeterno
1504 3550 1571 3612 rand
1592 3549 1676 3612 tion
1695 3548 1785 3612 noch.

473 3636 641 3700 adversus
658 3631 785 3713 Deum,
816 3645 849 3698 et
870 3631 936 3699 hoc
958 3635 1067 3700 odium
1089 3634 1235 3699 ostendit
1255 3629 1454 3698 inhorribili·
1591 3634 1777 3722 interroget
1799 3635 1939 3721 quisque
1960 3656 2056 3702 suam
2085 3638 2343 3720 conscientiam,
2372 3660 2484 3708 annon

475 3722 540 3787 bos
561 3717 672 3799 malis,
694 3721 737 3785 ad
760 3740 847 3806 quae
863 3718 1000 3804 impellit
1053 3739 1136 3785 enus
1164 3717 1355 3785 humanum.
1398 3717 1456 3780 1ct
1506 3722 1628 3788 sentiat
1648 3720 1780 3807 aliquos
1803 3722 1951 3808 insignes
1974 3742 2108 3788 morsus
2119 3721 2265 3795 Diaboli,
2287 3727 2483 3809 praesertin

473 3825 551 3888 sape
567 3826 716 3891 persona
738 3817 851 3871 creata
874 3805 989 3871 aDeo.
1066 3825 1159 3870 mnes
1181 3818 1354 3870 creaturae
1375 3817 1453 3871 sunt
1506 3806 1566 3888 illi,
1578 3829 1718 3894 quorum
1740 3819 1835 3872 aetas
1857 3820 1910 3873 est
1928 3809 2097 3895 grandior.
2141 3810 2482 3894 {complanatione

474 3893 629 3958 conditae
660 3913 681 3957 a
713 3891 807 3958 Deo:
848 3891 989 3957 'lantum
1020 3893 1119 3957 unica
1151 3892 1297 3956 essentia
1329 3891 1452 3971 divina,
1506 3892 1632 3959 Ponam
1655 3892 1840 3958 inimicitias
1858 3895 1944 3959 iuter
1966 3906 2011 3973 te,
2024 3907 2089 3961 etc.
2132 3895 2241 3958 semen
2262 3901 2435 3979 serpena.-
2449 3898 2484 3983 id

473 3978 574 4056 bona,
598 3979 746 4062 sapiens,
767 3980 873 4050 iusta,
896 3998 1021 4056 verax,
1053 3988 1212 4056 aeterna,
1244 3978 1452 4062 omnipotens
1505 3991 1570 4058 ast,
1591 3980 1687 4065 impia
1707 3998 1786 4061 pars
1810 3981 1944 4066 generis
1977 3979 2111 4047 humaui
2143 4002 2276 4069 semper
2308 3995 2483 4071 grassatur

474 4075 527 4127 est
545 4064 719 4129 conditrix.
764 4062 864 4137 Quod
885 4065 927 4127 sit
950 4060 1149 4148 spiritualis,
1173 4062 1244 4124 Dos
1264 4065 1307 4124 ist
1328 4063 1384 4142 opi
1403 4082 1453 4123 ra·
1506 4077 1622 4131 coutra
1657 4061 1842 4130 Ecclesiam
1875 4064 2099 4148 horribiliter,
2131 4080 2164 4133 et
2200 4084 2376 4155 grassatur
2403 4092 2483 4155 Ιιριιιιρ

470 4154 572 4232 petirt
592 4151 626 4214 in
650 4150 833 4234 Scriptura.
876 4150 925 4212 Er
945 4148 1028 4212 hein
1042 4151 1175 4231 spiritns
1195 4169 1335 4232 ιιςριιαιιι,
1356 4151 1453 4228 miri·
1475 4143 1480 4232 l
1505 4152 1702 4218 mendaciis:
1725 4151 1756 4214 id
1780 4164 1844 4232 est,
1866 4151 1993 4218 stabilit
2013 4150 2123 4218 falsos
2143 4153 2272 4236 cultas,
2299 4167 2332 4219 et
2359 4146 2483 4241 opinio·

477 4244 527 4298 tae
547 4236 655 4303 nolas.
700 4236 801 4315 ltem,
816 4237 906 4322 quod
929 4233 1100 4315 defecerit,
1124 4255 1164 4300 ex
1187 4233 1339 4321 Epistola
1352 4233 1452 4299 ludae
1475 4250 1480 4374 ρ
1506 4258 1566 4303 nes
1590 4249 1621 4303 et
1649 4234 1755 4302 idola:
1784 4249 1901 4323 postea
1930 4242 2029 4305 etiam
2057 4241 2252 4305 homicidiis.
2297 4239 2414 4318 Qualis
2435 4238 2482 4306 la·

497 4325 594 4399 r⁰b⁰>
616 4334 649 4386 et
670 4322 699 4385 2·
722 4321 811 4387 Ρθῑή
833 4323 864 4390 2·
907 4321 1345 4402 Nweit'uumivrt‘yinem
1355 4342 1452 4382 mam·
1505 4327 1601 4390 niena
1623 4321 1685 4389 luit
1706 4323 1879 4409 Imperium
1902 4325 2106 4405 Romanum,
2127 4347 2192 4387 was
2209 4327 2266 4404 fiir
2287 4329 2337 4389 ain
2353 4327 2483 4409 premii-

473 4346 661 4473 llanichaei
684 4409 850 4474 firmarunt
872 4411 958 4475 duos
980 4408 1093 4490 Deos,
1123 4410 1189 4474 duo
1217 4408 1380 4493 principia
1397 4428 1452 4472 ae·
1506 4410 1574 4471 edes
1596 4417 1722 4491 miryca
1744 4413 1786 4472 ist
1813 4411 1897 4474 dori
1927 4430 2065 4492 panacen
2098 4413 2131 4477 in
2165 4433 2290 4499 genere
2322 4411 2481 4480 humano!

473 4506 581 4572 torua,
601 4494 730 4558 Bonum
754 4509 788 4558 et
806 4493 944 4575 malum,
972 4495 1258 4580 adficiendam,
1284 4493 1393 4560 lucem
1421 4505 1455 4558 et
1507 4496 1647 4575 Videtis,
1671 4517 1769 4581 qnam
1791 4494 1890 4563 facile
1911 4499 1988 4562 liant
2014 4495 2209 4582 homicidia,
2242 4498 2293 4559 als
2319 4519 2406 4560 meno
2434 4497 2482 4560 ilis

473 4583 637 4645 tenebras.
684 4578 839 4644 Similiter
858 4579 1010 4646 feceruut
1031 4581 1115 4647 duas
1137 4583 1304 4659 uuaterias,
1323 4602 1365 4645 ex
1383 4581 1454 4666 qui·
1506 4585 1539 4644 in
1561 4583 1620 4644 der
1641 4581 1728 4643 uolo
1749 4586 1832 4661 sita,
1855 4585 2022 4668 qaorrmdo
2043 4580 2178 4650 Diaboli
2201 4586 2344 4671 dirigant
2365 4607 2483 4651 manas

472 4667 623 4744 busorti
647 4679 723 4730 sunt
745 4665 910 4734 homines:
932 4688 1030 4732 unam
1059 4679 1164 4732 ortam
1195 4688 1214 4730 a
1246 4669 1334 4731 bono
1357 4666 1451 4731 Deo:
1505 4668 1744 4755 pugnantium?
1785 4668 1832 4729 Es
1853 4669 2023 4750 pascheium
2046 4670 2213 4731 immcrdar
2228 4692 2410 4752 prumano
2427 4673 2482 4738 ho
2517 4705 2520 4711 ·

471 4751 570 4818 aliam
593 4774 614 4818 a
635 4751 735 4818 malo.
785 4751 913 4819 Contra
943 4755 1027 4817 istos
1059 4752 1192 4818 furores
1227 4753 1355 4818 debetis
1388 4772 1454 4819 vos
1476 4801 1481 4832 ,
1507 4755 1646 4819 micidia.
1691 4753 1819 4820 Deinde
1841 4754 1975 4820 Diaboli
1997 4757 2134 4820 incitant
2162 4756 2285 4822 multos
2314 4759 2357 4822 ad
2380 4769 2482 4823 tetras

471 4841 671 4906 confirmare
693 4841 782 4904 veris
804 4839 979 4904 sententiis
1000 4838 1202 4922 Scripturas.
1507 4839 1723 4905 confusiones
1747 4838 1928 4920 libidinum,
1943 4844 2043 4928 idque
2061 4841 2376 4928 iaciunt,nouquod
2399 4845 2482 4929 ipsis

560 4924 713 4991 Christus
736 4927 828 4990 dicit:
852 4921 1015 4990 Diabolus
1044 4946 1117 4989 cum
1148 4924 1321 4990 mendacia
1350 4923 1453 5009 loqui·
1505 4923 1586 4991 utile
1607 4938 1640 4991 et
1662 4923 1823 5010 voluptati
1845 4928 1906 5007 sit,
1929 4926 2080 4993 homines
2102 4947 2180 4992 esse
2201 4926 2298 5008 tales,
2320 4931 2382 4994 sed
2406 4931 2481 4996 odio

471 5023 538 5091 tur,
560 5032 602 5076 ex
624 5013 768 5097 propriis
797 5011 957 5097 loquitur:
980 5009 1071 5098 Ergo
1104 5024 1157 5076 est
1189 5011 1221 5074 in
1255 5030 1296 5076 co
1330 5008 1453 5096 aliquid
1505 5010 1582 5092 Dei,
1606 5023 1641 5076 ut
1663 5011 1766 5077 multa
1788 5012 1880 5093 liant,
1902 5035 1987 5099 quae
2009 5013 2084 5079 Deo
2107 5012 2296 5100 displicent,
2319 5028 2353 5081 et
2373 5014 2482 5082 Deum

471 5100 699 5183 proprium,et
710 5096 833 5182 aliquid
846 5095 990 5162 aliunde.
1036 5099 1229 5162 Substantia
1245 5107 1298 5161 est
1308 5095 1452 5171 aliunde,
1505 5097 1687 5164 offendunt.
1731 5100 1788 5165 Sic
1814 5100 1915 5186 igitur
1942 5102 2079 5166 incitant
2105 5101 2223 5187 impios
2250 5099 2419 5184 homines,
2446 5117 2483 5168 ut

472 5181 750 5248 scilicetcondita
769 5184 878 5249 aDeo
901 5204 942 5249 ex
964 5181 1075 5248 nihilo.
1122 5182 1217 5248 Sicut
1241 5185 1317 5248 boni
1341 5182 1453 5273 angeli
1505 5182 1656 5270 polluant
1674 5204 1713 5251 se
1734 5187 1872 5250 incestis
1900 5184 2109 5261 libidinibus;
2141 5200 2178 5251 ut
2211 5206 2312 5272 saepe
2347 5191 2483 5275 accidit3

472 5282 552 5333 sunt
574 5270 696 5332 conditi
719 5292 739 5332 a
761 5268 848 5346 Deo,
871 5271 931 5334 sed
953 5269 1111 5335 voluntas
1135 5271 1226 5348 eius,
1255 5291 1320 5356 qua
1348 5290 1388 5335 se
1415 5267 1453 5333 li·
1505 5292 1703 5357 quamquam
1736 5272 1769 5336 in
1802 5271 1981 5337 Germania
2019 5271 2188 5358 aliquanto
2222 5275 2353 5356 atinus,
2385 5297 2483 5362 quam

399 5380 403 5391 ·
472 5356 553 5419 bere
563 5353 810 5424 avertitaDeo.
829 5378 894 5421 uon
913 5368 1101 5421 cst-coacta
1114 5358 1314 5421 necessitate
1325 5356 1450 5422 Stoica.
1504 5353 1593 5422 alibi.
1637 5356 1788 5419 Dennoclr
1811 5356 1971 5424 adulteria
1994 5358 2129 5420 lammeri
2151 5362 2227 5439 olli.
2262 5373 2296 5425 et
2317 5363 2394 5426 inde
2416 5363 2482 5427 exi·

471 5440 567 5506 Deus
591 5462 656 5504 non
679 5454 731 5505 est
753 5456 870 5507 auctor
888 5442 1028 5528 peccati.
1072 5442 1211 5503 Daramb
1228 5442 1452 5524 raptemDio-
1504 5455 1595 5508 stunt
1618 5444 1743 5509 caedes
1765 5455 1798 5509 et
1819 5444 1905 5510 aliae
1926 5446 2088 5511 miseriae.

472 5527 561 5588 bolus
581 5534 627 5587 est
646 5535 741 5607 poter
762 5529 937 5594 merrdooii:
953 5529 985 5593 id
1009 5539 1073 5607 est,
1095 5529 1201 5613 prima
1224 5548 1348 5594 caussa
1375 5549 1452 5612 pcc·
1590 5529 1678 5594 lstae
1700 5529 1805 5595 suriae
1826 5544 1905 5597 sunt
1926 5529 2115 5611 aDiabolo,
2136 5532 2193 5618 qui
2213 5530 2294 5599 lacit
2315 5532 2481 5620 impulsio·

472 5614 548 5678 cati.
594 5614 716 5679 Postea
739 5617 827 5700 qaod
850 5627 983 5680 maneat
1004 5616 1036 5680 iu
1059 5627 1196 5680 aeterno
1225 5614 1303 5678 odio
1332 5617 1451 5680 adver·
1504 5635 1564 5680 nes
1587 5615 1756 5681 mirabiles
1779 5620 1881 5683 variis
1902 5619 2019 5683 modis.
2064 5617 2239 5692 Quomodo
2261 5616 2384 5702 saciat,
2415 5639 2481 5685 non
