5934 6709
540 643 582 709 n
1149 622 1883 713 runnsuscarrrinxuoancs.
2492 654 2536 725 :o

538 839 663 908 vester,
678 847 764 912 qnae
784 845 930 912 persona
950 823 1131 913 alloquitur
1150 825 1338 896 Ecclesiam
1359 829 1513 896 omnihus
1562 827 1813 895 Ιιιειιιιιιιειιιιιιιι
1839 838 1950 897 motus
1975 830 2009 897 in
2031 835 2184 901 omnibns
2204 834 2391 906 aiiectbus.
2434 841 2492 911 Sis
2512 864 2536 911 a

538 915 753 999 temporibus.
1563 914 1664 980 Patre
1685 924 1719 978 et
1740 910 1823 979 Filio
1844 915 1995 1000 prowdlt
2014 921 2143 1001 maipa.

550 1018 553 1023 ·
623 997 705 1065 Mihi
726 995 954 1083 beneplacet,
975 997 1065 1083 quod
1080 993 1265 1083 vulgarius,
1284 1018 1359 1063 cum
1375 997 1513 1064 dicitur:
1647 997 1710 1063 llic
1736 997 1763 1064 S
1786 1000 1878 1066 iritus
1907 1020 1967 1066 seu
1993 1003 2151 1092 agitatio,
2178 1025 2246 1071 nou
2268 1006 2377 1074 solum
2398 1011 2534 1099 copulat

536 1085 639 1148 Dedit
670 1084 765 1166 legem
795 1086 829 1144 is:
861 1104 952 1144 muna
980 1082 1180 1154 mediatoris,
1208 1079 1364 1169 intelligit
1391 1083 1437 1148 ibi
1458 1082 1512 1148 Fi·
1561 1018 1901 1163 cartenarium,
1930 1086 1991 1151 sed
2013 1090 2111 1156 etiam
2133 1088 2237 1157 efficit
2258 1092 2291 1157 in
2313 1097 2410 1161 nobis
2432 1101 2534 1165 actio-

536 1168 634 1247 uum:
655 1170 734 1256 quia
755 1165 811 1232 iile
832 1181 929 1234 sonat
950 1166 1071 1254 legem,
1095 1165 1258 1233 satisfacit
1279 1165 1347 1255 legi
1389 1189 1429 1234 ro
1449 1189 1511 1234 no·
1560 1188 1623 1234 nes
1645 1181 1680 1234 et
1699 1180 1827 1250 matus,
1853 1167 1963 1256 qualis
1989 1186 2041 1239 est
2062 1175 2136 1258 ipse
2155 1173 2269 1256 Deus,
2295 1183 2400 1247 sends
2421 1197 2533 1252 motus

537 1256 602 1334 his,
625 1266 659 1319 ει
680 1254 823 1319 restituit
842 1251 876 1318 le
974 1256 1007 1319 in
1027 1253 1139 1330 nobis,
1161 1265 1198 1318 ut
1219 1254 1313 1319 dicit:
1379 1274 1420 1315 oa
1439 1256 1511 1315 aeri
1560 1253 1696 1333 amoris,
1712 1250 1869 1335 laetitiae,
1883 1258 2333 1335 misericordiaaetaliorom
2346 1266 2534 1350 affictum,

536 1341 656 1403 :olom
687 1339 801 1421 legem,
833 1361 850 1401 s
920 1339 1054 1420 implere.
1116 1337 1205 1411 Quot
1235 1340 1342 1404 modis
1375 1335 1511 1422 impleti
1560 1340 1617 1424 qni
1637 1351 1716 1405 sunt
1736 1341 1770 1403 in
1791 1338 1877 1406 Deo.
1929 1341 2017 1406 istos
2038 1358 2149 1412 motus
2170 1349 2234 1413 etsi
2254 1352 2359 1415 sentis
2379 1356 2532 1435 tenuiter,

538 1425 567 1492 l.
590 1423 739 1510 perfecta
759 1444 823 1489 sua
844 1425 1046 1501 obedientia:
1067 1423 1099 1489 2.
1122 1423 1315 1502 derivando,
1338 1422 1394 1490 vel
1414 1424 1510 1489 susti·
1560 1425 1667 1489 sentis
1690 1435 1811 1491 tamen.
1854 1423 1892 1491 id
1918 1428 2046 1493 dehetis
2071 1451 2259 1517 agnoscere
2285 1437 2319 1500 in
2341 1458 2420 1503 vara
2441 1439 2532 1507 invo·

535 1512 646 1579 nendo
668 1532 730 1596 pro
751 1511 849 1576 nohis
870 1531 1030 1594 poenam:
1056 1508 1089 1574 3.
1111 1508 1316 1575 restituendo
1343 1510 1377 1574 in
1397 1509 1508 1574 nobis.
1561 1509 1702 1588 atione,
1712 1509 1770 1574 uhi
1787 1520 1865 1596 post
1881 1513 2105 1595 precationem
2127 1536 2187 1583 cor
2207 1521 2391 1605 acquiescit
2401 1525 2436 1589 in
2446 1525 2532 1592 Deo.

535 1596 566 1663 t.
590 1597 790 1674 sanciendo,
821 1597 908 1681 quod
942 1598 1041 1661 docet
1073 1590 1162 1660 illam
1191 1590 1299 1680 legem
1327 1613 1406 1660 esse
1433 1594 1509 1659 reti-
1559 1590 1620 1658 lile
1635 1606 1746 1660 motus
1767 1605 1819 1661 est
1834 1595 1979 1682 Spiritus
1994 1602 2305 1680 :cacuminata
2347 1629 2391 1673 uo
2408 1608 2531 1677 Paulus

535 1685 690 1761 nondam,
711 1702 778 1746 non
799 1678 1013 1747 abolendam:
1035 1679 1128 1746 Sicut
1149 1678 1302 1760 ἀντινομοι
1321 1677 1509 1759 voluntat
1559 1678 1654 1744 dicit:
1686 1679 1865 1760 decepistis
1892 1682 2061 1764 Spiritum,
2096 1687 2276 1752 εἱωιιειιιειιι
2303 1627 2393 1755 Aisa
2420 1694 2530 1759 Pater.

535 1763 592 1833 lex
613 1765 683 1848 illo,
704 1788 790 1853 quae
811 1779 863 1832 est
885 1763 1031 1839 moralia,
1053 1763 1215 1838 deleatur,
1233 1765 1508 1850 quemadmodum
1559 1762 1703 1862 Quando
1725 1764 1835 1831 David
1855 1763 1941 1916 sugit
1961 1765 2060 1848 Saul,
2085 1774 2245 1856 premitur
2272 1773 2398 1844 dolore.
2442 1779 2532 1848 idem

534 1849 589 1917 lex
618 1854 661 1917 de
688 1874 756 1917 non
785 1853 914 1917 odanda
943 1871 1062 1929 carne,
1091 1870 1309 1936 nequaquam.
1360 1849 1429 1915 lmo
1446 1869 1508 1930 per
1558 1869 1674 1915 omues
1706 1851 1865 1916 sentinus
1910 1872 1933 1917 ιι
1965 1855 2094 1941 magnis
2126 1855 2240 1938 malis,
2272 1864 2334 1928 sed
2360 1866 2458 1950 erigit
2480 1887 2531 1948 se,

530 1939 623 2017 fidem
643 1938 817 2000 stabilimus
836 1938 948 2018 legem,
976 1938 1080 2022 inquit
1100 1933 1237 2001 Paulus.
1280 1932 1432 2003 Christus
1454 1944 1509 2000 est
1557 1935 1691 2001 subiicit
1720 1954 1760 2000 se
1792 1935 1955 2004 voluntati
1986 1937 2068 2020 Dei,
2101 1953 2135 2006 et
2162 1939 2242 2013 iacit
2268 1946 2410 2029 interea,
2444 1972 2531 2038 qaae

535 2021 644 2088 iactus
666 2045 727 2107 pro
749 2025 847 2088 nobis
869 2035 1054 2107 peccatum,
1075 2030 1110 2084 at
1131 2023 1180 2082 :ia
1201 2020 1280 2102 1:91:
1300 2023 1335 2082 ia
1354 2021 1445 2082 sobi:
1460 2039 1506 2082 re
1557 2031 1636 2084 sunt
1661 2021 1724 2086 viri
1744 2017 1858 2102 fortis,
1882 2035 1979 2108 parat
1999 2021 2243 2109 defensionem,
2269 2044 2303 2097 et
2329 2052 2399 2100 non
2420 2033 2531 2103 fremit

535 2110 694 2172 sammaa.
1231 2154 1233 2158 ,
1556 2106 1721 2172 adversus
1748 2104 1873 2190 Deum,
1900 2120 1936 2174 ut
1964 2108 2099 2190 Cicero,
2125 2113 2182 2198 qui
2209 2113 2386 2185 exclamat:
2420 2120 2532 2186 Omns:

621 2192 826 2258 Athanasius
853 2205 965 2259 movet
993 2192 1239 2277 quaestionem,
1269 2209 1374 2277 quare
1402 2187 1507 2258 Filius
1556 2191 1618 2253 Dii
1635 2195 1835 2273 proiecerunt
1855 2213 1923 2255 nos.
1972 2193 2040 2261 lste
2066 2207 2119 2261 est
2144 2217 2265 2266 sensus
2288 2206 2399 2271 caruis
2421 2206 2454 2272 ia
2476 2205 2531 2275 ci·

534 2281 755 2364 assumpserit
775 2275 948 2345 humanam
971 2288 1138 2356 naturam,
1167 2287 1200 2340 ει
1220 2296 1288 2341 non
1311 2276 1428 2356 Pater,
1449 2288 1508 2345 aut
1558 2296 1692 2357 cerone,
1708 2287 1743 2342 et
1759 2288 1811 2341 est
1826 2298 1932 2357 mors,
1950 2298 2017 2345 non
2039 2291 2093 2346 est
2112 2294 2223 2349 motus
2243 2284 2270 2351 S
2293 2288 2386 2354 iritus
2408 2296 2528 2361 εειιειί.

535 2361 678 2448 Spiritus
700 2378 854 2429 sauctus:
886 2365 987 2442 Quia,
1008 2363 1129 2448 inquit,
1158 2363 1310 2448 congruit
1331 2381 1410 2427 esse
1431 2383 1507 2448 per·
1557 2362 1685 2429 Sensus
1706 2363 1850 2449 Spiritus
1871 2375 1924 2430 est
1944 2366 2012 2431 vita
2035 2377 2068 2431 et
2092 2363 2233 2437 laetitia:
2323 2386 2378 2440 net
2404 2373 2529 2444 laetitia

534 2469 651 2514 sonam
673 2450 853 2514 mittentem
874 2463 908 2514 ct
925 2452 1079 2525 missam:
1101 2448 1198 2514 Pater
1215 2460 1268 2513 est
1284 2448 1417 2515 ιιιὶιιειιε
1433 2470 1506 2533 pem
1556 2448 1591 2513 in
1622 2450 1784 2515 moriente
1814 2448 1966 2526 homine:
1998 2463 2036 2516 ut
2061 2452 2180 2520 videtis
2206 2454 2329 2524 multos
2356 2461 2529 2530 discedere

533 2554 637 2607 sona,
666 2549 698 2599 ει
725 2532 827 2600 Filius
856 2537 976 2611 missa:
1007 2534 1098 2619 Ergo
1128 2534 1234 2619 tnagis
1256 2535 1429 2620 congruit,
1451 2534 1505 2598 Fi·
1556 2554 1632 2601 cum
1662 2531 1804 2611 laetitia3
1823 2531 1881 2599 alil
1900 2554 1967 2600 nou
1989 2531 2172 2618 laetantur,
2202 2542 2245 2607 ad
2266 2563 2353 2628 quos
2374 2550 2530 2636 congrum

533 2615 613 2683 lium
634 2639 806 2685 εεειιιιιειε
833 2620 1008 2685 humanam
1038 2630 1206 2698 naturam,
1234 2639 1333 2705 quarn
1360 2618 1504 2684 Patrem.
1555 2638 1692 2684 versus:
1736 2619 1869 2700 Vitopua
1907 2639 1974 2682 cam
2033 2625 2126 2684 emitis
2152 2626 2240 2706 sapit
2270 2629 2440 2711 indigitare
2471 2633 2528 2696 :ab

533 2701 665 2787 Deinde
685 2707 793 2790 nragis
814 2704 880 2770 hoe
902 2709 1055 2792 congruit
1076 2724 1251 2787 personae,
1274 2724 1360 2790 quae
1378 2717 1430 2769 est
1446 2706 1505 2770 im·
1555 2704 1686 2766 antra:
1730 2701 1792 2768 llla
1813 2704 1935 2770 fiducia
1956 2716 1990 2769 et
2009 2642 2136 2775 ietitia
2155 2714 2374 2797 acquiescens
2391 2717 2424 2781 in
2441 2714 2527 2798 Deo,

533 2789 674 2854 mediate
705 2791 832 2876 imago,
870 2802 906 2855 ut
939 2792 972 2855 in
1005 2792 1102 2856 nobis
1134 2791 1287 2855 restituat
1319 2791 1502 2876 imaginem.
1555 2810 1642 2877 qnae
1668 2791 1825 2869 sentitur,
1857 2801 1910 2856 est
1936 2803 2047 2857 motus
2069 2790 2124 2858 vel
2190 2798 2300 2878 tatio,
2329 2821 2415 2886 quae
2439 2804 2527 2869 erci-

533 2874 741 2959 Augustinus
770 2877 867 2941 etiam
898 2877 992 2941 :lic-it:
1022 2876 1098 2938 Nor:
1119 2876 1317 2937 consedebat
1338 2874 1419 2937 duo:
1440 2895 1505 2938 esse
1555 2886 1643 2941 tatur
1663 2897 1685 2941 a
1707 2875 1832 2961 Spiritu
1852 2886 1988 2953 sancto,
2010 2878 2067 2962 qui
2089 2898 2152 2964 cop
2210 2894 2307 2949 taos
2329 2907 2403 2952 curn
2426 2886 2527 2956 Patre

532 2959 642 3021 iiiios.
673 2960 740 3025 Sed
762 2962 791 3025 si
809 2961 950 3043 Spiritus
973 2972 1112 3027 sanctus
1133 2960 1370 3045 assumpsisset
1389 2960 1504 3027 huma·
1554 2973 1589 3026 at
1609 2957 1706 3026 Filio.

532 3065 611 3109 num
642 3058 811 3126 naturam,
844 3059 922 3111 tunc
955 3045 1097 3112 fuissent
1130 3047 1196 3112 duo
1229 3044 1318 3124 Filii,
1351 3046 1439 3127 λόγος
1470 3057 1505 3112 et
1640 3045 1707 3112 lant
1729 3044 1890 3130 cogitate,
1916 3056 2040 3120 ouante
2060 3048 2127 3113 sint
2143 3049 2243 3130 haec,
2272 3052 2314 3118 de
2335 3057 2457 3140 quihus
2478 3058 2526 3124 (li-

398 3179 400 3185 .
531 3130 660 3210 πνεῦμα.
714 3130 807 3197 Haec
839 3133 990 3198 ridentur
1017 3150 1096 3197 esse
1121 3128 1279 3216 puerilia,
1312 3131 1504 3218 dequibus
1555 3131 1671 3199 cimus.
1726 3130 1890 3196 Divinitas
1917 3123 2000 3196 nihil
2026 3144 2138 3216 potest
2163 3138 2269 3201 mains
2296 3138 2395 3220 dare,
2429 3163 2526 3227 quam

531 3233 619 3279 nunc
639 3215 790 3294 dicimus,
811 3219 873 3281 sed
895 3218 928 3281 in
945 3215 1004 3281 illa
1024 3219 1230 3297 aeternitate,
1252 3236 1392 3283 caussas
1412 3215 1503 3284 illius
1554 3237 1594 3284 se
1620 3219 1741 3304 ipsam:
1769 3216 1869 3282 Pater
1894 3217 1952 3282 dat
1975 3236 2014 3283 se
2037 3220 2134 3285 nobis
2155 3222 2258 3286 misso
2279 3221 2377 3310 Filio,
2398 3240 2432 3293 et
2453 3229 2527 3314 Spi-

530 3300 711 3366 admirandi
732 3301 863 3367 consilii
884 3303 1021 3385 propius
1044 3302 1339 3369 considerabimus.
1553 3306 1620 3372 ritu
1640 3314 1771 3370 sancto.
1819 3297 1936 3367 Filium
1956 3301 2031 3382 dat,
2058 3313 2094 3369 ut
2114 3305 2159 3371 sit
2179 3306 2310 3375 victima
2331 3332 2393 3397 pro
2414 3315 2525 3394 nobis,

1555 3403 1589 3457 et
1608 3401 1646 3458 ut
1670 3390 1758 3456 idem
1785 3383 1842 3453 ilie
1862 3385 1967 3453 Filius
1989 3389 2035 3453 sit
2054 3389 2089 3454 in
2111 3393 2208 3457 nobis
2230 3392 2351 3462 eihcex
2371 3417 2432 3483 per
2453 3419 2541 3464 ver··

1555 3478 1634 3542 hum
1658 3471 1789 3542 vocale.
1843 3472 1950 3538 Simul
1978 3476 2076 3539 etiem
2104 3477 2201 3544 datur
2222 3478 2365 3564 Spiritus
2386 3497 2524 3551 sanctus

1226 3613 1235 3633 ,
1363 3616 1404 3634 ,,
1598 3558 1776 3638 rFiliuar,
1810 3569 1846 3623 at
1878 3557 1982 3643 inquit
2014 3557 2238 3628 Athanasius:
2274 3563 2451 3648 Ubicumque
2476 3576 2525 3630 est

531 3610 749 3716 Quomodo
786 3615 1011 3698 declaratur
1047 3613 1262 3725 appellabo
1303 3613 1503 3726 Spmtusi
1552 3580 1693 3725 iissem
1714 3649 1851 3715 samm,
1873 3648 1922 3702 at
1941 3640 1988 3701 ιιι
2002 3661 2065 3722 per
2084 3643 2214 3709 aeram.
2257 3645 2349 3713 Enoc
2371 3661 2449 3714 aunt
2469 3652 2523 3734 pte

1028 3795 1060 3814 ..
1553 3740 1588 3795 et
1610 3736 1803 3794 reverenter
1831 3689 2089 3810 cogitanda&
2115 3732 2333 3814 agnoscenda
2359 3733 2523 3802 beneficia

614 3791 714 3859 Nulla
736 3807 788 3858 εει
809 3796 944 3880 propior
965 3793 1143 3861 similitudo
1166 3794 1208 3860 de
1224 3792 1312 3875 Deo,
1330 3816 1428 3882 quam
1443 3816 1503 3862 na·
1553 3817 1714 3879 immensa
1741 3808 1823 3890 Dei,
1856 3821 1889 3875 et
1917 3811 2067 3894 agendae
2095 3814 2224 3898 gratiae
2245 3812 2340 3897 Deo,
2372 3821 2461 3903 quod
2484 3841 2523 3886 sc

528 3892 603 3946 tura
627 3878 786 3959 hominis,
809 3880 861 3946 vel
884 3883 1002 3946 arabim.
1553 3897 1773 3965 oommunicat
1794 3894 1991 3961 hominihus.

1639 3981 1793 4049 Condidit
1814 3978 1909 4046 Deus
1929 3977 2114 4060 hominem,
2140 3995 2174 4048 et
2190 3980 2294 4050 voluit
2315 3989 2347 4053 in
2369 4009 2410 4054 eo
2431 3988 2522 4057 habi·

1553 4081 1643 4148 tare,
1671 4081 1704 4132 ct
1730 4086 1769 4133 se
1795 4087 1837 4132 ac
1859 4064 2022 4131 beneficia
2043 4086 2105 4131 sua
2127 4068 2414 4140 transfunderem
2437 4097 2521 4142 eum.

1544 4152 1660 4220 llcmo
1693 4149 1844 4218 horribili
1875 4150 2084 4238 ingratudine
2111 4173 2150 4218 se
2181 4157 2311 4223 avertit.
2360 4160 2408 4225 lbi
2428 4157 2523 4226 Deus

549 4228 664 4333 Quae
696 4244 790 4313 sunt
819 4230 1034 4341 praecipua
1063 4229 1106 4310 in
1136 4229 1318 4333 homine,
1348 4229 1416 4312 vel
1444 4230 1487 4314 in
1553 4239 1660 4326 masis
1690 4257 1730 4389 {e
1761 4237 1890 4389 ‘iiim
1932 4246 2048 4301 ”⁰⁸³⁸
2082 4257 2215 4305 caussa
2253 4243 2393 4394 ‚biterrim
2424 4248 2523 4395 ”pi-bis

931 4381 1089 4465 animm
1346 4452 1354 4466 .
1552 4326 1672 4497 iii:
1692 4333 1788 4476 ..iim
1809 4341 2522 4502 siiti‘iiiliiifiili-(tigit

1553 4510 1623 4575 tor,
1656 4509 1693 4564 ut
1723 4491 1880 4560 laetificet
1912 4513 1972 4557 cor
2005 4503 2110 4571 tuum,
2139 4492 2238 4560 faciat
2264 4512 2372 4564 motus
2394 4514 2520 4579 castos,

615 4584 767 4650 Potentia
789 4601 999 4667 cognoscens
1020 4581 1093 4646 sive
1115 4601 1225 4646 mens:
1258 4580 1440 4668 Cogitatio,
1468 4592 1503 4647 et
1551 4581 1678 4660 iustos,
1699 4600 1857 4656 veraces,
1878 4575 1985 4662 qualis
2007 4586 2060 4643 εει
2082 4576 2187 4645 Deus.
2240 4581 2334 4650 Dens
2362 4588 2448 4652 enim
2469 4601 2522 4652 est

528 4671 679 4756 spiritns,
707 4671 779 4733 sive
802 4668 903 4733 motio
929 4665 986 4731 vcl
1013 4668 1161 4752 agitatio.
1209 4665 1306 4732 biens
1333 4667 1434 4732 habet
1462 4686 1502 4732 se
1551 4669 1709 4745 essentia,
1731 4662 1863 4751 qualem
1883 4683 1922 4728 se
1945 4663 2103 4729 describit
2122 4666 2155 4730 in
2176 4663 2264 4754 lege,
2284 4671 2383 4755 insta,
2404 4692 2520 4751 verax,

527 4764 615 4822 sicut
633 4755 743 4821 Pater.
787 4752 917 4817 Deinde
935 4753 1104 4837 cogitatio,
1123 4773 1208 4837 quae
1230 4765 1282 4817 est
1302 4752 1412 4836 imago
1433 4748 1501 4816 ior·
1550 4752 1697 4836 sapiens.

526 4853 632 4920 urata,
668 4839 769 4906 habet·
800 4859 839 4902 se
871 4840 957 4901 sicut
988 4835 1092 4919 lilius
1099 4882 1109 4916 ,
1149 4835 1202 4902 vel
1236 4839 1344 4921 potius
1376 4857 1499 4902 sermo.
1635 4835 1704 4902 lsta
1730 4834 2037 4920 inprecationibus
2066 4836 2210 4922 cogitate
2231 4839 2273 4904 de
2293 4842 2465 4924 personis,
2486 4854 2521 4907 et

526 4926 651 5004 Tertio,
674 4946 748 4991 cun:
770 4935 822 4989 est
843 4921 985 4988 farinate
1008 4924 1176 5007 cogitatio,
1196 4942 1237 4987 ea
1258 4924 1368 4988 statim
1390 4923 1500 4990 vibrat
1549 4922 1651 5008 petite
1678 4942 1700 4986 a
1726 4919 1819 4986 Deo:
1847 4916 1991 4984 iustiiica
2018 4940 2071 4986 me
2097 4941 2157 5006 per
2178 4935 2212 4989 et
2233 4937 2369 5011 propter
2390 4923 2521 5006 Filium,

527 5033 607 5089 cor,
629 5023 663 5077 et
684 5010 721 5074 iit
742 5011 842 5075 motio
865 5005 919 5075 vel
939 5009 1075 5095 agitatio
1098 5009 1229 5086 cordis,
1255 5008 1344 5094 quod
1367 5019 1420 5074 est
1440 5008 1499 5073 mi·
1550 5018 1583 5074 et
1602 5007 1750 5072 accende
1772 5025 1961 5072 cormeum
1983 5003 2107 5089 Spiritu
2129 5020 2185 5074 tuo
2207 5026 2346 5090 serrato,
2369 5022 2404 5076 ut
2424 5009 2521 5077 Psal-

391 5110 395 5121 ·
526 5094 641 5163 rabilc.
687 5094 827 5169 Quando
850 5106 886 5159 tu
909 5095 1039 5180 cogitas
1061 5095 1103 5161 de
1126 5095 1256 5159 inimico
1279 5107 1352 5172 tuo,
1376 5094 1417 5159 de
1438 5092 1499 5159 ho·
1549 5113 1623 5159 mus
1655 5093 1751 5176 petit:
1786 5091 1849 5154 Cor
1877 5089 2018 5152 mandram
2046 5113 2119 5154 orco
2145 5097 2179 5155 is:
2199 5115 2245 5156 :ne
2266 5095 2367 5158 Dera:
2400 5096 2521 5176 idest,

525 5184 624 5261 mine,
644 5202 743 5268 quern
764 5180 874 5258 odisti,
897 5193 977 5244 tunc
999 5177 1123 5246 formas
1146 5180 1392 5266 cogitationem.
1436 5178 1498 5244 Go-
1549 5177 1795 5248 mundificatum
1832 5188 1969 5264 propter
2001 5175 2117 5243 Filium
2156 5179 2233 5246 fide.
2288 5179 2383 5248 Sicut
2419 5179 2520 5265 paulo

526 5268 640 5352 gitatio
662 5268 727 5331 ista
748 5267 859 5330 statim
880 5268 1035 5331 verberat
1057 5288 1126 5331 cor.
1178 5266 1214 5331 Ιιι
1238 5266 1338 5330 corde
1360 5265 1498 5350 spiritus
1548 5277 1626 5330 ante
1651 5264 1742 5329 dixit:
1768 5264 1917 5348 Hyssopc
1944 5281 1990 5323 nse
2012 5283 2174 5345 asperges:
2202 5265 2328 5346 idest,
2357 5269 2521 5352 sartguine

526 5353 677 5439 erumpit,
694 5365 805 5418 movet
822 5351 1028 5437 sanguinem,
1044 5366 1078 5416 et
1094 5353 1204 5416 omnia
1221 5353 1379 5429 mamhra,
1395 5351 1498 5415 sentis
1548 5348 1632 5414 Filii.
1675 5348 1830 5416 Nominat
1850 5361 1966 5435 typum
1987 5368 2048 5432 pro
2071 5349 2269 5434 significato.
2320 5352 2444 5419 Postea
2461 5354 2519 5418 ad·

526 5460 640 5505 veram
662 5439 914 5505 commotionum
936 5437 968 5501 in
992 5449 1060 5502 toto
1085 5457 1236 5521 corpore.
1269 5436 1424 5520 Spiritus,
1442 5438 1498 5522 qui
1549 5434 1609 5501 itt:
1640 5436 1759 5498 lancos
1780 5439 1814 5497 in
1835 5455 1881 5496 me
1902 5433 2055 5515 Spiritum
2074 5442 2206 5507 rectam,
2238 5438 2272 5502 id
2301 5451 2371 5517 εει,
2405 5457 2519 5504 asson.

433 5572 438 5579 -
526 5537 703 5612 generatur
724 5526 758 5591 in
786 5526 904 5601 corde,
937 5534 988 5587 est
1017 5523 1238 5587 inimediatum
1262 5543 1440 5607 organum,
1463 5531 1498 5586 et
1548 5521 1680 5587 tientem
1713 5521 1935 5605 promissioni.
1989 5516 2084 5585 item:
2118 5519 2171 5581 Dc
2199 5522 2274 5584 nabi
2298 5523 2450 5604 Spiritum
2467 5526 2519 5604 fis
