5934 6709
483 652 547 721 lot

566 841 730 906 Doctrina
752 842 795 907 de
815 841 992 907 virtutibus
1015 851 1048 905 et
1068 839 1168 919 vitiis,
1185 839 1463 927 quaeapudEth·

481 929 577 994 nicos
599 926 750 1006 traditur,
772 926 915 1012 pertinet
925 927 969 990 ad
979 945 1077 992 usum
1087 924 1174 1013 legis
1185 927 1463 1012 paedagogicum,

482 1025 516 1080 et
537 1026 589 1080 est
611 1026 782 1098 utcunque
804 1013 1000 1101 gubernatio
1023 1023 1234 1079 externorum
1257 1031 1397 1077 morum.

585 1310 695 1412 Quid
724 1310 946 1421 respondes
980 1308 1035 1391 ad
1064 1322 1371 1418 argumentum:

1134 649 1248 717 PHlL.
1270 650 1376 719 Met..
1398 649 1588 721 SCRIPTA
1608 649 1874 721 EXEGETICA.

2432 653 2498 725 108

1600 838 1756 920 Primum,
1778 851 1816 905 ut
1835 837 2021 907 afficiamur
2030 837 2218 906 calamitate
2228 838 2380 921 aliorum,
2400 862 2498 927 prae-

1514 926 1629 991 sertim
1661 926 1807 1003 iniusta,
1845 939 1880 992 et
1915 928 2038 992 misere
2076 945 2138 992 sen
2169 927 2291 992 iniuste
2323 929 2497 1014 oppressis

1514 1031 1611 1096 opem
1634 1009 1795 1090 ieramus,
1817 1024 1975 1097 quantum
1996 1032 2176 1097 possumus
2199 1011 2322 1085 facere.
2346 1027 2379 1079 et
2391 1036 2497 1100 quan·

1514 1108 1584 1163 tum
1605 1093 1683 1162 licet
1704 1099 1813 1176 nobis,
1835 1099 1926 1164 iuxta
1947 1100 2168 1166 voeatitmem.

1600 1180 1698 1250 Alter
1715 1185 1840 1269 graden
1862 1196 1926 1262 est,
1950 1198 1987 1250 ut
2009 1195 2088 1252 tune
2109 1187 2218 1265 etiarn,
2241 1205 2317 1251 curn
2334 1196 2387 1251 est
2408 1189 2498 1254 irrata

1516 1267 1687 1334 calamitas
1699 1315 1711 1349 ,
1743 1268 1802 1334 fiat
1831 1271 1992 1357 mitigatio
2014 1290 2163 1356 poenae,
2198 1269 2328 1338 seilicet
2358 1285 2498 1357 propter

1514 1356 1675 1421 radonem
1696 1354 1916 1441 probabilem.

567 1510 795 1572 Ρνοηιίιιίοιιιι
815 1508 932 1590 legales
950 1507 1090 1588 pendent
1111 1527 1153 1569 ea
1174 1507 1356 1571 conditione
1366 1508 1463 1591 legia:
1576 1530 1583 1541 ‘

572 1611 673 1675 Nemo
694 1613 775 1674 satir
791 1613 877 1690 fecit
898 1611 975 1693 legi:

565 1713 655 1796 Ergo
670 1714 899 1797 ριοειιίιείοιιει
914 1717 995 1776 istae
1016 1720 1087 1776 mat
1108 1716 1221 1776 irritae
1242 1702 1434 1790 atinatilaai

566 1817 778 1903 Respondeo.
823 1815 986 1883 Concedo
1009 1828 1126 1896 toturn,
1157 1815 1313 1905 legaliter
1332 1828 1461 1883 tanturn

478 1901 513 1967 lo
537 1904 659 1969 nendo.
671 1902 919 1969 Promissiones
929 1900 1058 1988 legales
1071 1914 1147 1969 sunt
1158 1901 1381 1982 inutiles,sine
1393 1900 1460 1968 fide

478 1924 536 2056 vel
563 1991 636 2056 sine
669 1987 814 2055 Christo.
868 1988 936 2053 Sed
969 2009 1043 2053 cum
1065 1987 1200 2054 Christo
1232 1988 1316 2054 finnt
1346 1986 1458 2067 utiles,

502 2077 558 2141 uia
579 2086 771 2161 reputamur
791 2073 869 2140 iusti
892 2084 1028 2159 propter
1046 2073 1227 2154 Christum,
1248 2076 1344 2161 quasi
1362 2074 1459 2139 satis·

477 2096 679 2228 larissenus
705 2159 785 2246 legi.
828 2159 959 2226 Deinde
992 2171 1025 2226 et
1057 2160 1213 2228 inchoata
1241 2173 1358 2226 nostra
1380 2162 1459 2227 ohe·

479 2248 622 2326 dientia,
655 2248 754 2312 etiarn
776 2246 806 2310 si
827 2266 895 2310 non
917 2258 971 2311 est
992 2245 1092 2330 plena
1114 2258 1146 2312 et
1168 2249 1317 2333 integra,
1348 2258 1459 2312 tamon

477 2335 682 2418 approbatur
703 2344 841 2416 propter
863 2329 1042 2398 Christum.

1573 1736 1816 1865 Pugnantne
1846 1755 1951 1837 inter
1981 1783 2025 1838 se
2056 1757 2207 1841 institia
2237 1771 2281 1841 et
2310 1761 2466 1843 miscri-

1924 1909 2085 1996 cerdici

1597 2156 1812 2242 Respondeo.
1868 2156 2099 2225 Misericordia
2131 2172 2184 2225 est
2216 2161 2346 2241 virtus,
2383 2161 2497 2231 affinis
2586 2245 2588 2248 y

1510 2244 1655 2309 institiae
1677 2241 1887 2327 particulari,
1915 2264 2002 2330 quae
2025 2244 2148 2328 duplex
2167 2258 2235 2311 est:
2272 2267 2340 2314 nna
2362 2268 2497 2334 severa,

1510 2350 1573 2396 seu
1590 2330 1708 2417 rigida,
1731 2349 1817 2416 quae
1828 2332 2017 2397 nominatur
2028 2329 2263 2416 ἅκριβοδίκαιοι,
2285 2335 2498 2421 dessciarffa

563 2418 622 2484 Sic
643 2420 743 2505 igitur
763 2419 855 2483 iuxta
874 2424 1032 2483 intruetur
1063 2415 1236 2506 Evangelii
1268 2418 1459 2503 respondeo
1510 2419 1631 2497 liecht3
1653 2437 1729 2481 curn
1746 2412 1938 2504 simpliciter
1960 2419 2152 2500 proceditur
2173 2419 2265 2486 iuxta
2282 2423 2498 2491 severitatem

475 2506 520 2570 ad
541 2503 722 2570 Minorem:
753 2503 835 2586 Lepi
865 2526 918 2566 aar
970 2527 1019 2565 cm
1051 2507 1165 2584 satisfit
1191 2526 1213 2571 a
1233 2505 1324 2567 nodis
1345 2507 1378 2564 tu
1398 2503 1460 2564 hac
1480 2488 1488 2643 Ι
1510 2501 1633 2588 legum,
1654 2502 1727 2566 sine
1748 2500 1817 2568 ulle
1838 2503 2057 2589 mitigatione:
2079 2516 2116 2570 nt
2138 2525 2212 2569 cunr
2234 2504 2327 2573 'litus
2349 2504 2496 2577 Manlius

475 2593 558 2671 vitm
579 2589 709 2656 scilicet
731 2586 899 2674 loquendo
918 2525 1088 2676 'hugaliten
1133 2589 1203 2656 Sed
1225 2591 1403 2658 credentes
1425 2590 1458 2653 in
1509 2584 1675 2654 interfecit
1696 2586 1798 2653 iiliurn
1820 2601 2023 2675 pugnantem
2046 2602 2163 2655 contra
2180 2592 2496 2677 mandaturnsnum,

477 2674 648 2744 Christum
681 2691 817 2741 servant
850 2677 1026 2755 mandata,
1061 2675 1214 2757 seilicet,
1246 2676 1460 2762 imputatione
1511 2675 1567 2760 qui
1589 2687 1670 2739 tune
1698 2687 1771 2738 erat
1792 2673 1976 2759 imperator
2001 2677 2034 2739 in
2057 2678 2223 2757 exercitu,
2254 2679 2382 2746 etiarnsi
2406 2679 2496 2749 iilius

475 2763 619 2829 iustitiae
642 2760 847 2839 Christi,'et
872 2760 1085 2828 inchoatione
1107 2783 1215 2828 novae
1238 2762 1458 2828 obedientiae.
1510 2780 1585 2826 cnm
1607 2758 1705 2824 hoste
1727 2775 1951 2844 provocatore
1971 2758 2110 2828 feliciter
2132 2762 2357 2830 dimicaverat.

475 2848 551 2914 Non
575 2850 709 2916 dubium
731 2849 833 2934 igitur
854 2867 934 2914 esse
954 2850 1070 2929 debet,
1103 2850 1182 2936 quin
1204 2848 1300 2915 Deus
1318 2850 1458 2915 daturus
1596 2845 1765 2926 Ἐπιείκεια,
1786 2858 1839 2911 εει
1859 2848 2041 2914 moderatio
2062 2849 2182 2914 summi
2203 2850 2301 2931 iuris,
2330 2871 2399 2918 non
2420 2849 2495 2919 futi-

475 2937 520 3001 sit
540 2935 709 3021 praemia,
742 2934 841 2999 etiam
873 2937 906 3000 in
939 2935 1004 3001 hac
1035 2936 1105 3001 vite
1133 2946 1225 3002 reete
1244 2933 1458 3001 facientibus.
1508 2929 1552 2998 lis
1573 2944 1631 2998 aut
1658 2932 1848 3011 temeraria,
1876 2934 1939 2998 sed
1959 2931 2089 3000 hahens
2116 2932 2262 3040 aliquem
2288 2935 2496 3022 probabilem

474 3019 660 3107 Postquam
681 3040 798 3087 sumus
820 3019 1027 3087 reconciliati
1048 3020 1114 3088 fide
1130 3032 1266 3106 propter
1276 3018 1457 3100 Christum,
1509 3037 1678 3097 caussam,
1698 3029 1736 3083 ut
1756 3018 1892 3084 Marcus
1915 3018 2068 3104 Papirius
2090 3018 2253 3108 hingrster
2272 3025 2420 3107 equitum
2439 3045 2495 3092 re·

475 3119 510 3172 et
532 3108 693 3173 hahemus
715 3107 904 3172 inchoatam
924 3109 1161 3188 obedientiam,
1183 3110 1379 3194 contingunt
1399 3127 1458 3172 no·
1508 3105 1596 3170 misit
1617 3124 1775 3191 poenam,
1809 3104 2012 3188 deprecante
2033 3109 2200 3186 exercitu,
2232 3126 2340 3194 qnem-
2357 3122 2495 3195 poterat

475 3193 528 3258 bis
556 3194 713 3259 divinitus
739 3213 861 3280 magna
888 3195 1037 3278 praemia
1071 3193 1261 3280 corporalia
1298 3204 1334 3260 et
1361 3212 1379 3258 s
1403 3194 1457 3258 iri·
1508 3210 1637 3256 summo
1658 3192 1731 3257 iure
1751 3189 1953 3272 interficere,
1974 3194 2063 3278 quod
2080 3204 2263 3280 pugnasset
2280 3213 2355 3260 curn
2379 3196 2495 3281 hoste,

473 3277 587 3344 tnalia.
630 3278 699 3345 lam
730 3283 902 3347 veniamus
935 3281 982 3346 ad
1009 3277 1160 3367 singulas
1187 3291 1301 3368 partes
1328 3280 1362 3345 in
1439 3299 1459 3345 e
1510 3289 1628 3344 eontra
1654 3278 1865 3343 interdictum
1887 3278 2082 3356 dictatoris3
2116 3299 2191 3345 cunr
2219 3276 2311 3345 nulla
2339 3282 2495 3365 victoria,

474 3366 645 3432 concione.
1514 3365 1726 3450 quantumvis
1746 3360 1937 3448 splendida,
1969 3366 2053 3431 tanti
2077 3361 2232 3432 iacienda
2264 3366 2324 3446 sit,
2352 3380 2390 3434 ut
2415 3389 2496 3455 pro·

505 3705 619 3771 Ειιιιι
639 3705 866 3771 manicasse
918 3695 992 3779 Ad
1022 3698 1135 3809 quod
1163 3709 1427 3810 praeceptum

864 3817 1067 3929 pertinet?

561 4015 776 4101 Respondes.
837 4012 892 4081 Ad
925 4031 1156 4103 praeceptum:
1212 4021 1283 4084 Non
1316 4017 1459 4098 accida·

476 4104 553 4188 quia
583 4103 810 4167 misericordia
839 4114 892 4168 est
919 4105 1044 4182 virtus,
1066 4123 1153 4189 quae
1173 4101 1320 4170 aflicitur
1341 4100 1459 4170 dolore

474 4200 611 4272 propter·
633 4186 758 4253 alienas
779 4188 951 4269 miserias,
984 4201 1018 4255 et
1040 4209 1128 4277 qnae
1155 4209 1253 4274 opem
1281 4185 1346 4255 fert
1366 4190 1458 4255 iuxta

474 4276 697 4354 vocationem,
719 4287 752 4339 et
775 4270 965 4355 facultates,
987 4288 1021 4343 et
1043 4296 1130 4362 qnae
1152 4277 1279 4364 mitigat
1294 4295 1458 4342 summum

474 4361 527 4427 ius
550 4373 687 4445 propter
714 4360 858 4446 aliquam
886 4359 1091 4446 probabilem
1114 4382 1280 4430 caussam.
1325 4360 1384 4428 Sic
1405 4382 1458 4426 ar·
1478 4394 1486 4473 Ι
1510 4398 1597 4462 sicu,
1619 4393 1816 4476 liberalitas,
1837 4392 1921 4461 ap„
1944 4410 1996 4463 est

476 4457 666 4532 gumentor:

519 4620 721 4700 larduipentin
743 4629 794 4686 eat
812 4623 911 4685 malm
933 4618 1166 4687 sicutdieitur=
1189 4618 1459 4704 Blendepatrton

563 4725 682 4788 sepner
700 4711 788 4788 facit
806 4707 1007 4788 induigentia
1027 4716 1140 4772 notor:

519 4795 744 4858 llisert'corrito
765 4802 816 4858 est
835 4794 1054 4874 inclementia:

520 4880 609 4960 Erpa
625 4880 853 4945 inisericordt'a
874 4888 925 4947 eet
944 4883 1038 4946 mata.

475 5064 477 5069 ·
562 5046 774 5135 Respondes.
826 5051 923 5138 Nego
956 5051 1145 5128 Minorum3
1176 5051 1254 5137 quin
1287 5059 1340 5115 est
1370 5048 1459 5116 mala

473 5132 620 5203 definitio
641 5138 900 5204 misericordiae.
945 5138 1022 5202 Non
1044 5138 1144 5203 debet
1165 5136 1392 5203 misericordia
1412 5137 1457 5201 in·

474 5219 579 5305 telligi
602 5223 644 5288 de
666 5221 871 5311 negligentia
893 5233 926 5289 et
943 5223 1163 5303 relaxatione,
1187 5244 1274 5310 qnae
1295 5220 1376 5289 nihil
1398 5244 1459 5307 pu·

473 5311 551 5372 niat.
597 5308 817 5396 Magistratus
830 5308 1016 5398 'negligens
1037 5310 1072 5376 in
1094 5331 1157 5377 suo
1180 5308 1305 5389 officio,
1334 5321 1368 5375 et
1388 5329 1458 5375 non

469 5396 614 5478 puniens
637 5395 825 5480 petulanter
853 5408 886 5463 et
907 5394 1072 5462 scelerate
1098 5394 1281 5475 iacientes,
1309 5417 1376 5463 non
1405 5407 1458 5462 est

471 5480 677 5563 misericors,
701 5505 764 5548 nec
785 5493 898 5568 potest
918 5502 957 5548 se
980 5502 1143 5549 excusam
1164 5495 1339 5570 praetextu
1361 5484 1458 5551 mise·

471 5567 647 5647 ricordiae,
671 5590 757 5655 quae
780 5567 882 5636 habet
901 5569 966 5636 lros
989 5570 1127 5656 gradus.

1508 3460 1625 3534 pterea
1653 3447 1816 3516 solvenda
1843 3450 1887 3516 sit
1913 3449 2088 3537 disciplina
2109 3449 2270 3518 militaris.
2294 3451 2380 3520 Huic
2401 3454 2496 3523 iusti·

1509 3535 1576 3602 tiae
1597 3547 1800 3621 temperatae
1821 3541 1982 3630 ἐπιεικείᾳ,
2010 3551 2154 3625 cognata
2183 3548 2236 3605 est
2255 3538 2494 3609 mnencordta

1509 3622 1578 3688 Sed
1609 3633 1719 3688 tamen
1750 3618 1851 3688 letius
1882 3635 1980 3709 paret
2009 3625 2258 3702 misericordia;
2291 3627 2370 3712 quia
2400 3625 2495 3693 addit

1510 3709 1608 3774 etiarn
1628 3709 1735 3782 πάθος
1757 3710 2067 3776 commiserationis.
2096 3709 2257 3775 Ἐπιείκεια
2279 3722 2393 3798 potest
2413 3731 2494 3780 esse
2572 3750 2576 3757 ·

1510 3795 1610 3859 etiam
1631 3795 1705 3859 sine
1727 3795 2026 3861 commiseratione.
2050 3798 2145 3863 Sicut
2166 3797 2265 3882 igitur
2286 3809 2494 3885 nonpugnat

1508 3885 1653 3943 ἐπιείκεια
1681 3901 1754 3945 cunr
1783 3881 1924 3959 iustitia,
1957 3883 2005 3948 ita
2033 3902 2097 3948 nee
2123 3882 2352 3950 misericordia
2372 3884 2494 3951 evertit

1508 3966 1682 4042 institiam3
1714 3969 1780 4030 imo
1815 3987 1853 4032 re
1880 3968 1954 4050 ipsa
1983 3982 2149 4036 suntuna
2177 3983 2210 4034 et
2232 3971 2350 4035 eadem
2370 3969 2491 4051 virtus,

1513 4063 1573 4118 ant
1593 4063 1684 4117 certe
1707 4054 1916 4118 coniunctae.

1597 4136 1784 4203 Discrimen
1805 4149 1857 4203 est
1880 4140 1970 4204 circa
1988 4140 2133 4218 obiecta,
2155 4140 2339 4205 seeundum
2359 4138 2437 4226 plus
2459 4152 2495 4207 et

1508 4224 1629 4289 minus.
1673 4222 1748 4289 Una
1765 4235 1800 4290 et
1821 4225 1937 4289 eadem
1959 4226 2082 4290 iustitia
2103 4223 2326 4312 aliqnandoa
2351 4227 2376 4290 ’t
2396 4246 2495 4294 seve·

1509 4312 1592 4388 rius,
1614 4307 1792 4396 aliqnando
1804 4311 1927 4389 mitius,
1949 4324 2087 4460 propter
2095 4312 2258 4377 rationem
2268 4332 2330 4396 pro
2354 4311 2494 4379 abilema

2031 4398 2161 4483 argior,
2183 4397 2267 4462 alias
2290 4401 2495 4466 contractior

1508 4483 1542 4548 in
1564 4483 1693 4561 dami03
1715 4493 1749 4547 et
1770 4485 1989 4550 mansuetudo
2006 4504 2243 4570 nonnunquam
2259 4496 2313 4549 est
2329 4487 2493 4570 asperior,

1509 4588 1747 4654 nonnunquam
1784 4571 1904 4634 mitior.
1949 4570 2058 4636 Homo
2086 4582 2274 4655 temperans
2312 4569 2493 4657 aliqnando

1509 4651 1598 4741 plns,
1620 4652 1800 4742 aliqnando
1818 4657 1926 4720 minus
1951 4658 2105 4722 comedit.

1511 5038 1628 5142 Quae
1660 5052 1755 5123 sunt
1791 5039 1915 5151 igit-ur
1951 5042 2137 5154 opposita
2167 5040 2494 5124 misericordiae?

1596 5220 1722 5288 Eadem
1762 5235 1840 5288 sunt
1877 5236 2025 5290 extrema
2063 5223 2308 5289 misericordiae
2351 5224 2493 5304 viciose,
2561 5260 2564 5267 ·

1510 5329 1595 5395 quae
1616 5310 1713 5374 etiam
1735 5308 1879 5375 iustitiae
1900 5329 2061 5389 severae,
2094 5320 2127 5374 et
2155 5314 2315 5384 ἐπιεικείας
2343 5321 2495 5376 extrema

1509 5407 1599 5474 sunt,
1621 5394 1776 5462 videlicet
1797 5393 1990 5474 crudelitas,
2011 5408 2045 5461 et
2067 5395 2283 5483 indulgentia.

1597 5479 1788 5548 Crudelitas
1809 5493 1863 5547 est
1883 5484 2000 5567 punire
2023 5501 2091 5546 non
2112 5483 2314 5568 puniendos,
2337 5493 2394 5548 aut
2415 5501 2494 5547 exa·

1509 5588 1648 5654 sperare
1678 5588 1806 5652 poenas
1838 5587 1942 5653 supra
1975 5570 2109 5634 modurn
2142 5565 2262 5634 delicti.
2311 5566 2374 5634 Est
2405 5567 2495 5635 enim
