5934 6709
485 683 556 751 tta
1144 680 1256 747 l'lllh.
1278 680 1382 747 truh.
1406 680 1597 781 scutum
1617 680 1882 751 maanus.
2432 681 2501 750 hild

475 878 624 964 Nonne
654 878 719 962 illa
751 877 979 988 conspersio
1017 875 1145 960 fiebat
1176 877 1230 960 gd
1259 878 1460 961 remissio.
1513 865 1696 955 discipulus
1720 865 1898 949 Clemens,
1928 869 2041 936 docuit
2061 867 2191 937 'iteriti
2212 882 2246 937 et
2266 868 2502 958 Argentorati,

1512 956 1599 1022 sicat
1621 951 1748 1021 Paulus
1770 957 1886 1042 inquit,
1909 954 2068 1022 Clemens
2090 968 2142 1021 est
2171 956 2205 1022 iu
2228 952 2359 1023 Galliae
2392 967 2427 1021 et
2453 957 2503 1025 di·

754 1025 850 1080 nem
880 991 1178 1109 Ρ(ἑοοᾶῖοῒυιῃιζ
1514 1053 1593 1107 cunt
1615 1040 1831 1127 Dionysium,
1861 1044 1917 1128 qui
1938 1042 2128 1108 nominatur
2149 1042 2364 1124 Areopapitm
2394 1038 2504 1112 lubae

564 1147 622 1212 lm,
1515 1128 1786 1193 concionatorem
1807 1125 1983 1216 Evangelii
2003 1126 2161 1194 Lutetiae
2181 1129 2217 1201 in
2238 1124 2360 1195 Gallia.

606 1270 787 1437 aptam
800 1270 1074 1432 περ
1095 1267 1194 1331 Μ
1215 1268 1378 1347 mmm
1400 1287 1463 1350 m
1750 1322 1860 1426 Quid
1891 1337 1955 1408 est
1984 1322 2265 1435 Areopagita?

607 1442 694 1520 ETW
726 1440 810 1503 ”W
842 1444 929 1503 mer
956 1446 1009 1503 “t
1039 1438 1126 1502 ’Μ’
1163 1442 1264 1519 '‘9⁰''
1298 1447 1332 1503 ’ἶ
1361 1438 1464 1505 3⁰⁰⁸·
1615 1470 1759 1535 Senator
1791 1472 1823 1535 in
1859 1492 1989 1537 summo
2020 1484 2142 1539 settttttt
2174 1471 2387 1545 Atheniensi,
2420 1473 2504 1561 quie

645 1528 788 1606 idm?
1518 1557 1622 1634 curia,
1643 1556 1702 1618 da·
1718 1556 1817 1637 plata,
1840 1559 1897 1623 ubi
1920 1559 2164 1623 conveniebant
2175 1557 2372 1639 Senatores,
2396 1560 2505 1625 uomi-

564 1642 775 1731 Respondes.
850 1638 931 1706 lllae
972 1641 1183 1707 ceremoniae
1228 1656 1261 1707 ει
1298 1642 1466 1711 marilleio
1517 1643 1661 1708 uebatur
1682 1641 1886 1725 Areopapue,
1916 1644 1949 1709 ld
1970 1658 2044 1723 est,
2071 1644 2167 1709 vicus
2188 1642 2318 1710 Martis.
2360 1642 2450 1711 Nam
2467 1646 2503 1711 iu

476 1734 689 1797 merebantur
711 1727 944 1794 remissionem
974 1724 1131 1805 civiliter,
1165 1739 1202 1793 ut
1233 1726 1464 1796 sacrificantes
1517 1724 1575 1792 illo
1597 1725 1675 1793 loco
1698 1729 1817 1794 dicitur
1838 1745 2023 1798 accusatus
2043 1727 2136 1795 lilars
2163 1729 2381 1816 aNeptuno,
2408 1731 2504 1817 quod

476 1828 592 1883 essent
624 1835 704 1902 pars
737 1810 851 1901 populi
887 1813 1009 1879 istius:
1054 1814 1115 1878 sed
1149 1833 1217 1879 aon
1251 1817 1465 1883 merebantur
1517 1811 1619 1879 filiurn
1641 1816 1713 1880 eius
1737 1813 1960 1882 interfecisset
1980 1826 2118 1901 propter
2138 1828 2193 1881 sta
2218 1836 2291 1882 rum
2313 1812 2413 1881 iiliae.
2457 1814 2504 1883 tlt

476 1904 708 1970 remissionem
743 1920 859 1966 coram
884 1897 979 1979 Deo,
1011 1910 1106 1964 erant
1140 1900 1238 1986 sigua
1271 1912 1305 1966 et
1326 1903 1465 1969 umbrae
1516 1899 1609 1987 hlaps
1631 1911 1685 1964 est
1715 1899 1894 1969 absolutus
1926 1903 2064 1988 paribus
2097 1899 2171 1968 calc
2219 1924 2260 1981 s,
2289 1922 2359 1969 nou
2392 1903 2505 1991 potuit

477 1991 638 2056 divinitus
662 1987 846 2065 institutae,
869 2005 956 2070 quae
985 1984 1151 2050 debebant
1179 2005 1257 2051 esse
1279 2007 1465 2055 commone-
1516 1987 1740 2052 cottdemuari·

476 2075 641 2142 factiones
679 2077 721 2141 de
754 2086 898 2137 ventura
931 2071 1076 2135 victima.
1131 2070 1240 2137 David
1263 2093 1338 2139 cmn
1359 2075 1465 2141 sacri·

477 2162 608 2239 liceret,
631 2183 698 2229 non
720 2157 837 2224 hebuit
858 2177 900 2221 cx
922 2157 1040 2231 mento
1067 2156 1139 2222 eius
1162 2158 1319 2224 sacrilicii
1348 2162 1464 2226 remis·
1608 2180 1718 2284 Quid
1749 2196 1812 2264 est
1870 2183 2005 2266 aribus
2036 2182 2196 2267 calculis
2225 2182 2411 2267 absolvi?

477 2250 605 2314 sionem
628 2256 863 2335 peccatorum,
897 2243 958 2308 sed
981 2240 1059 2307 lecit
1077 2243 1172 2321 ideo,
1207 2256 1242 2309 ut
1259 2258 1353 2311 esset
1383 2267 1463 2331 pars
1765 2332 1770 2339 ¹
1841 2212 1868 2294 p
2397 2248 2407 2270 ’

500 2333 592 2487 ,till
620 2335 735 2486 iit?
749 2329 1464 2499 altstattittlt‘tltmitttt
1516 2331 1689 2495 ,iiiiii
1707 2330 2346 2503 iiidiiiiiiiiii’slili‘iiiiii
2358 2333 2502 2485 dila

477 2510 518 2574 de
541 2442 737 2574 remigiano
770 2465 984 2588 peccatorum
1011 2498 1211 2600 applicanda
1238 2500 1398 2590 singulis3
1432 2518 1464 2572 et
1515 2498 1657 2569 absolvi.
1979 2461 2024 2509 ⁹⁷
2055 2470 2061 2477 Ι

476 2591 597 2659 relutat
619 2591 753 2660 disertis
777 2588 890 2653 verbis
914 2607 1027 2653 eorum
1051 2599 1244 2666 amentiam,
1272 2591 1362 2674 quod
1385 2592 1462 2657 ima·

477 2682 696 2767 ginabantur,
740 2674 837 2762 quasi
877 2673 978 2738 homo
1018 2692 1083 2735 non
1116 2687 1233 2758 posset
1265 2678 1463 2743 annuntiare
1693 2696 1829 2800 Quare
1888 2698 2070 2783 memet
2099 2698 2327 2781 absolutio?

477 2767 709 2831 remissionem
730 2772 945 2848 peccatorum
977 2759 1110 2822 homini.
1168 2757 1244 2842 lpse
1262 2757 1353 2827 clare
1371 2763 1461 2837 dicit,
1860 2727 1888 2811 p
2314 2762 2323 2784 ·

477 2856 596 2919 [latam
629 2869 702 2918 me
728 2852 813 2915 lanc
842 2853 1033 2931 potestatem
1066 2847 1246 2911 hominihus
1278 2853 1464 2916 remittendi
1600 2844 1685 2919 Quia
1708 2847 1839 2915 bonitas
1868 2866 2000 2931 semper
2029 2847 2129 2911 debet
2156 2845 2318 2912 eminere:
2345 2846 2501 2913 Furores

476 2947 629 3026 mocula:
649 2950 683 3000 ει
706 2932 880 2999 confirmat
902 2928 1076 3008 miraculo,
1117 2931 1183 2995 uod
1205 2934 1460 3000 anteadixerat:
1513 2951 1565 2996 arn
1591 2928 1691 2996 liandi
1713 2945 1813 3016 sunt,
1847 2935 1923 2999 odia
1950 2932 2194 3019 restringenda.
2238 2932 2378 2997 Bonitus
2407 2946 2501 3000 ante·

477 3029 626 3090 rientem
647 3029 724 3089 mut
745 3022 803 3086 tttt
831 3026 1049 3102 percolantur.
1093 2951 1153 3081 hta
1182 3018 1332 3085 minister
1352 3020 1463 3086 Evan·
1515 3036 1554 3081 ce
1582 3038 1638 3082 ere
1661 3019 1780 3098 debet,
1807 3032 1845 3085 ut
1871 3018 2014 3084 lacobus
2044 3019 2140 3083 dicit:
2162 3017 2391 3080 Misericordia
2411 3040 2500 3101 mpe-

476 3108 555 3196 gelii
578 3111 676 3175 debet
700 3107 827 3172 dicere:
855 3109 1075 3171 Remittentur
1095 3104 1321 3188 torpescam,
1353 3115 1465 3189 opentt
1513 3111 1561 3166 ret
1581 3104 1750 3167 indiciam:
1782 3106 1815 3170 id
1846 3119 1919 3184 cst,
1954 3105 2177 3171 severitatem.
2221 3101 2302 3171 lllaa
2332 3103 2500 3173 historiae

473 3197 722 3280 paenitaztiam,
755 3201 788 3260 ει
818 3190 965 3257 credenti
996 3195 1031 3255 in
1063 3191 1197 3272 Filium,
1229 3210 1294 3257 non
1323 3205 1462 3278 propter
1513 3200 1591 3255 sunt
1612 3193 1759 3276 scriptae
1782 3188 2112 3257 conrnronesactionis
2124 3211 2257 3269 caussa,
2269 3192 2400 3257 etiamsi
2417 3204 2500 3257 sunt

476 3292 564 3349 tunm
586 3286 782 3364 manitatem,
804 3281 865 3344 red
877 3282 993 3358 oralia
1049 3273 1143 3339 Deus
1178 3273 1248 3342 vult
1275 3282 1460 3363 praedicari
1513 3277 1625 3343 addita
1646 3278 1780 3342 nomina
1803 3278 1967 3344 Deorum:
1991 3290 2068 3342 sunt
2092 3298 2194 3342 casus
2210 3279 2412 3429 principum.
2442 3277 2499 3345 lli·

477 3369 708 3433 remissionem
730 3376 943 3452 peccatorum
967 3363 1170 3448 categorico,
1198 3384 1240 3428 ne
1262 3363 1459 3432 haereamus
1512 3364 1637 3428 storias
1658 3376 1736 3429 sunt
1758 3361 1925 3430 involutae
1946 3361 2013 3428 illis
2035 3361 2167 3429 fabulis.
2244 3385 2308 3429 nus
2331 3386 2374 3429 ex
2392 3364 2498 3431 Areo·

475 3456 510 3520 iu
532 3455 752 3532 dubitatione,
781 3453 812 3516 in
843 3472 880 3514 rc
909 3449 1069 3513 maxima:
1104 3449 1180 3533 quia
1208 3451 1459 3534 promissionem
1510 3451 1632 3535 pugilis
1664 3452 1853 3516 nominatur
1885 3449 2093 3537 Dionysius,
2125 3451 2181 3536 qui
2221 3470 2424 3521 conversus,
2443 3462 2499 3517 est

477 3550 610 3626 oportet
620 3561 700 3606 esse
711 3550 850 3614 certam,
872 3538 962 3599 iuxta
980 3532 1073 3598 illud:
1096 3539 1172 3601 Ideo
1194 3556 1238 3602 ea
1256 3540 1323 3616 fide
1340 3547 1458 3620 pratis,
1511 3546 1662 3621 ternpore
1690 3534 1786 3602 Pauli
1820 3535 1980 3619 (fortasse
2010 3537 2109 3601 etiam
2141 3533 2270 3621 plnres)
2303 3538 2366 3602 aed
2395 3536 2498 3605 huius

475 3636 512 3693 ιιι
544 3634 590 3693 ιιι
606 3630 704 3707 fimo
734 3629 920 3709 pransura.
984 3620 1075 3685 llaec
1108 3618 1177 3685 vult
1200 3620 1355 3689 Christus
1378 3623 1457 3690 illos
1510 3622 1692 3773 praecipue
1714 3626 1914 3689 mentionem
1942 3634 2076 3689 veteres
2111 3619 2259 3705 faciunt,
2292 3624 2348 3710 qui
2383 3625 2499 3691 docuit

475 3709 673 3798 intelligere,
697 3711 792 3797 quasi
814 3709 917 3773 dicat:
951 3706 1025 3771 Vos
1046 3725 1113 3770 non
1136 3718 1229 3772 recte
1250 3711 1457 3790 existimatis,
1539 3709 1672 3775 uictine.
2439 3712 2447 3725 '

477 3800 566 3885 quod
594 3812 662 3862 non
691 3801 735 3863 sit
765 3793 989 3861 annuntianda
1022 3792 1191 3871 remissio,
1224 3805 1257 3858 et
1278 3798 1368 3881 quod
1389 3818 1458 3862 uon
1597 3793 1761 3875 Lazarus,
1784 3816 1882 3881 quem
1905 3797 2118 3861 resuscitarit
2134 3795 2301 3875 Christus,
2324 3800 2439 3866 docuit
2463 3803 2496 3867 in

476 3882 671 3951 exhibeatur
693 3903 754 3966 per
775 3881 1002 3946 ministerium.
1047 3877 1139 3956 lteri,
1161 3876 1303 3962 Erratis,
1326 3894 1456 3949 tuentes
1510 3881 1593 3946 urbe
1615 3879 1777 3961 Massilia,
1795 3902 1881 3967 quae
1901 3880 2013 3947 adhuc
2035 3894 2107 3960 est,
2131 3896 2162 3948 et
2184 3880 2334 3949 Marsilia
2361 3886 2494 3953 dicitur.

475 3969 564 4036 hanc
598 3966 840 4034 idololatricam
873 3965 1159 4051 imaginationem,
1203 3970 1294 4052 quod
1334 3971 1457 4052 putatis
1508 3966 1584 4031 Fuit
1605 3967 1649 4031 ihi
1673 3965 1752 4031 olim
1774 3967 2004 4033 laudatissima
2026 3967 2152 4055 politia,
2175 3984 2209 4037 et
2231 3992 2272 4037 eo
2294 3985 2331 4037 ut
2353 3973 2388 4037 iu
2405 3972 2492 4040 Aca·
2586 4036 2589 4041 .

475 4057 594 4122 remitti
617 4067 770 4140 peccata,
793 4052 927 4140 quando
949 4052 993 4117 sit
1015 4052 1097 4115 satis
1119 4070 1268 4136 operum.
1508 4053 1649 4119 dentiam
1680 4053 1821 4119 Romani
1859 4055 2020 4121 miserunt
2060 4077 2143 4122 suos
2186 4056 2274 4125 lilios
2318 4060 2493 4129 erudiendi

1183 4142 1186 4148 '
1510 4158 1643 4204 caussa.
1688 4139 1837 4218 lilarous,
1854 4138 1949 4206 Pauli
1972 4141 2174 4227 discipulus,
2194 4145 2414 4212 concionatus
2438 4159 2492 4214 est

813 4256 876 4324 ⁰¹³
898 4256 935 4323 ⁸·
958 4256 1123 4337 aino,
1511 4222 2493 4387 “illinitil‘tlll'0t‘zttld00llttitit

475 4417 557 4501 quo
577 4388 644 4471 dic
666 4399 866 4471 mmcatus
890 4384 1115 4469 celebratur
1136 4386 1180 4479 iu
1203 4388 1304 4472 urbe
1323 4388 1457 4472 Wite-
1508 4331 1665 4482 ihttquus
1684 4401 1845 4484 scriptor,
1872 4412 1905 4465 et
1933 4403 1966 4466 tn
1988 4401 2121 4491 Syrmio
2149 4340 2290 4470 adsitis
2316 4407 2491 4492 matyrio,

473 4512 610 4621 berga·
671 4506 819 4591 hwidit
848 4519 987 4590 “ntem
1018 4506 1059 4589 in
1090 4506 1200 4591 diem
1237 4513 1301 4593 ¹6·
1328 4507 1456 4594 0⁰t0'
1507 4484 2287 4662 pppppppppp1pbupppzpmpnrnpm?
2298 4489 2491 4646 tzhnffniolhhh

535 4628 628 4735 bria,
660 4629 729 4740 qui
758 4638 927 4741 putatur
958 4654 1046 4709 esse
1077 4627 1165 4711 dies
1194 4628 1395 4714 interfecti
1509 4657 1552 4723 dc
1573 4678 1611 4723 re
1633 4661 1743 4745 magni
1765 4660 1938 4738 momenti,
1961 4658 2005 4726 de
2025 4681 2092 4748 qua
2113 4681 2216 4749 saepe
2237 4684 2360 4751 magua
2380 4678 2491 4765 perta·

816 4747 1114 4831 Demoflthenig,
1507 4746 1596 4808 arina
1616 4756 1708 4811 mota
1728 4757 1823 4809 sunta
1844 4743 1989 4813 scilicet:
2019 4749 2073 4813 Aa
2095 4747 2182 4830 λόγος
2209 4750 2255 4815 alt
2275 4748 2489 4835 ὅφιπαμηος.

1507 4828 1605 4892 Solcd
1626 4829 1706 4912 disq
1726 4830 1790 4892 solt
1811 4830 1863 4896 ilar
1883 4835 2014 4911 missen,
2040 4847 2077 4899 ut
2099 4836 2317 4919 cogitanam
2337 4837 2491 4903 testimo·

495 4939 620 5026 (iuius
651 4939 779 5024 saneti
809 4937 1004 5022 memoria
1034 4937 1158 5021 hodie
1189 4938 1441 5024 celebratur?
1506 4916 1788 5068 ἕὲζέἒωᾞωι
1821 4930 1856 4983 ‘t
1888 4939 1985 5004 ΨΜ
2018 4918 2211 4987 aasentias
2230 4918 2327 4989 ΒΜ
2348 4918 2515 5011 caligat.

560 5089 676 5155 Sancti
699 5084 798 5153 Galli.
1594 5088 1677 5155 Post
1708 5085 1767 5153 illa
1799 5090 1904 5174 prima
1937 5102 2087 5176 tempora
2105 5091 2348 5178 Apostolorum
2375 5093 2517 5163 factae.

1506 5184 1584 5240 sunt
1615 5195 1755 5261 magnae
1788 5177 2005 5242 vastationes.
2049 5176 2146 5244 Deus
2179 5181 2306 5265 punivit
2332 5178 2515 5251 homines.

707 5281 809 5385 Quis
837 5279 916 5366 fnit
945 5282 1084 5368 (³⁸¹¹OE
1114 5283 1225 5367 iffi?
1504 5260 2092 5434 tiltlimlliitlllililtii
2108 5262 2489 5421 illinita

558 5430 633 5498 Fuit
655 5434 789 5497 Scotus.
835 5428 1053 5519 Evangelium
1073 5432 1140 5498 cito
1159 5441 1379 5518 propagatum
1400 5443 1455 5497 est
1505 5428 1668 5499 dalorura.
1712 5433 1785 5496 Dor
1804 5434 1899 5496 wilde
1919 5434 2010 5498 oolck
2031 5435 2351 5505 evertitEcclesiase
2368 5450 2403 5505 et
2422 5436 2487 5507 fult

471 5519 506 5584 lu
528 5517 738 5585 Germaniam
761 5527 795 5583 et
823 5513 984 5597 Galliam,
1011 5518 1121 5584 adhuc
1149 5518 1340 5584 viventibus
1361 5516 1453 5603 Apo·
1503 5538 1558 5585 ma
1649 5517 1802 5588 conlusio
1824 5520 2021 5587 Ethuicismi
2050 5534 2083 5588 ει
2105 5520 2350 5593 Christianismi

470 5603 588 5685 stolis,
618 5599 790 5683 videlicet,
819 5604 953 5670 vivente
974 5601 1119 5671 loheune
1140 5615 1174 5669 et
1195 5600 1313 5669 Paulo.
1355 5601 1452 5671 Pauli
1503 5539 1683 5693 adffiges
1704 5605 1903 5675 Fraucioost
1923 5608 1958 5675 id
1979 5618 2050 5690 est,
2070 5610 2128 5696 qui
2147 5607 2380 5701 (ismeniam,
2470 5648 2486 5667 ·
