5934 6709
470 668 539 739 tiffl
1155 660 1373 733 Postume
1404 658 1806 731 ttnlmtt'tttctttattrt.
2424 669 2492 743 9oe

400 936 403 941 ,
471 858 507 927 id
536 868 605 940 est,
637 856 791 925 dontinus
817 854 946 923 hahens
980 854 1139 942 gratiam,
1172 854 1258 921 idem
1285 852 1457 939 estquod
1509 854 1584 931 den,
1607 852 1693 919 sicut
1717 850 1782 918 hoc
1805 846 1882 919 loco
1906 849 2031 921 iaciunt
2067 856 2341 939 calumniatores,
2376 860 2491 929 dicunt
2589 850 2594 857 ’

369 934 378 956 ’
470 941 817 1024 intumentium
839 953 903 1013 cst,
916 942 1080 1023 alotninus,
1095 940 1284 1028 professor,
1295 938 1457 1019 (ironeam,
1509 936 1677 1005 Christum
1700 939 1821 1004 eiicere
1843 940 2017 1007 daonronia
2038 964 2100 1029 per
2121 942 2316 1013 Beelzehul.

471 1028 552 1097 hinc
597 1042 695 1097 ostca
716 1028 892 1097 deducitur
913 1026 1118 1116 Boreaque
1135 1028 1270 1094 nornine
1289 1028 1457 1093 rocahun·
1594 1024 1781 1089 Pessimum
1811 1025 1924 1091 citium
1958 1038 2010 1095 est
2033 1026 2211 1111 calumnia,
2241 1032 2283 1097 de
2316 1052 2382 1121 qua
2412 1034 2491 1101 dicit

473 1134 528 1183 aur
548 1054 629 1182 oiim
650 1135 751 1219 repes
779 1117 813 1181 in
835 1114 974 1194 Sidone,
1007 1126 1040 1182 et
1072 1112 1235 1180 sinodali
1268 1111 1457 1180 reuerentia
1508 1106 1681 1176 Solonion:
1716 1112 1884 1178 Caluinam
1915 1118 2085 1181 conturbat
2108 1125 2284 1201 cupientem
2314 1130 2347 1187 et
2363 1124 2494 1203 froaott

473 1202 610 1289 sapiens
630 1202 812 1288 antiquitas
835 1202 969 1269 vocavit
986 1198 1095 1269 Deum
1151 1200 1216 1271 ool,
1238 1200 1272 1265 id
1303 1212 1367 1279 esi,
1398 1198 1457 1263 (ιο.
1506 1200 1608 1264 robur
1628 1198 1738 1263 mg,
1760 1203 1838 1264 ,m
1891 1202 1962 1265 psa,
1990 1206 2041 1267 ,οἱ
2062 1222 2139 1269 man
2168 1224 2267 1285 W„
2295 1208 2375 1272 oder
2398 1208 2489 1286 tm

472 1289 609 1369 minum,
631 1289 687 1374 qui
709 1289 752 1355 sit
776 1302 892 1355 noster
911 1306 1106 1374 possessor.
1150 1286 1209 1353 Sic
1230 1284 1353 1371 iupiter
1375 1285 1455 1351 dici·
1507 1303 1600 1351 menn
1623 1302 1699 1350 mon
1721 1302 1757 1349 er
1774 1288 1855 1351 atter
1876 1288 2036 1367 cerlrrret,
2057 1296 2119 1355 arte
2140 1292 2193 1355 du·
2214 1293 2313 1375 redet,
2331 1299 2391 1359 rore
2411 1312 2490 1359 man

474 1394 529 1443 rur
561 1376 657 1459 quasi
690 1376 811 1443 iuvuns
844 1386 954 1459 pater,
987 1370 1044 1442 rel
1100 1374 1174 1441 nasi
1202 1370 1326 1439 lehara
1347 1382 1454 1457 pater.
1507 1389 1566 1436 ona
1587 1372 1686 1435 tint?
1738 1368 1814 1435 lion
1837 1371 2007 1453 dubitetis,
2040 1376 2116 1460 quin
2149 1372 2245 1441 Deus
2276 1374 2490 1445 vehementer

473 1457 674 1527 Decliaatur
707 1472 818 1527 autem
849 1464 883 1527 ia
917 1458 1061 1547 obliquis
1076 1396 1185 1540 iovis,
1216 1458 1299 1539 lori,
1319 1457 1397 1545 qaia
1419 1455 1457 1523 iit
1507 1456 1615 1522 oderit
1637 1451 1849 1533 calumniam;
1881 1468 1932 1523 est
1959 1461 2044 1524 enim
2070 1461 2141 1545 ipse
2166 1484 2282 1529 amans
2304 1464 2489 1531 ceritatem.

473 1546 516 1615 “b
539 1546 697 1613 h⁰bf⁸i⁰⁰
719 1546 847 1621 mma
869 1546 903 1613 Μ
927 1559 990 1631 ⁰⁵¹2
1006 1548 1062 1633 qui
1085 1567 1136 1614 0⁵·
1595 1539 1725 1606 Primus
1774 1553 1885 1609 autem
1929 1555 1963 1609 et
2012 1544 2204 1633 principalis
2248 1546 2345 1616 loeus
2389 1548 2490 1615 huto,

559 1656 635 1724 1100
655 1680 765 1725 meum
786 1674 840 1724 ω,
860 1659 1016 1725 iudicium
1045 1658 1088 1724 p,
1109 1654 1285 1725 vocabuli„
1303 1654 1403 1719 ΖΜ
1421 1666 1456 1721 0,
1507 1624 1680 1713 Evangelii
1714 1636 1766 1691 est
1797 1628 1847 1693 dis
1874 1630 1976 1697 utatio
2000 1634 2042 1697 de
2068 1640 2244 1701 rntrocrdts.
2290 1634 2401 1720 Opera
2423 1632 2490 1703 Dei

473 1744 585 1811 mh·
632 1744 777 1811 pomp,
810 1758 920 1809 mm
954 1747 1161 1831 qmmogm
1195 1745 1366 1809 doctior„
1389 1763 1453 1820 me,
1507 1726 1586 1778 sunt
1620 1711 1771 1798 duplicia.
1867 1718 2004 1781 uaedam
2045 1731 2122 1783 sunt
2157 1722 2310 1789 ordinata
2341 1721 2374 1787 in
2409 1742 2489 1789 con·

390 1826 394 1831 ¹
471 1852 516 1896 an
539 1828 696 1895 fortassis
717 1832 849 1914 possint
871 1833 1021 1896 inuenire
1043 1831 1301 1895 connati-aram
1324 1846 1453 1893 etcou·
1508 1800 1630 1903 (ΨΜ
1653 1820 1776 1869 ferum·
1809 1814 1843 1867 ω
1866 1804 1956 1887 ¹l¹¹⁰d
1987 1802 2038 1868 '⁰¹
2063 1805 2180 1871 ‘immi'
2203 1826 2266 1873 ⁵¹¹⁰
2295 1820 2388 1873 ”¹⁰¹⁰
2417 1802 2488 1875 effi·

344 1955 358 1972 .
473 1917 656 1981 „imorem
678 1916 916 1983 ‘perimpium'
937 1914 1093 1983 vocabuli
1115 1918 1221 1979 mul·
1509 1904 1573 1950 crui
1597 1904 1707 1950 certas
1732 1886 1823 1953 vices
1847 1899 2047 1973 temporuuu
2070 1894 2160 1977 quod
2182 1894 2269 1981 ignis
2293 1890 2488 1971 calefaciam

656 2038 664 2054 ·
763 2038 771 2051 ι
1091 2040 1098 2055 .
1329 2037 1338 2053 ⁴
1508 1972 1597 2065 quod
1630 1972 1729 2035 homo
1765 1975 1926 2057 tantisper
1948 1988 2059 2041 utatur
2082 1980 2174 2059 cibo,
2208 1980 2363 2065 quamdiu
2398 1979 2488 2047 vivit.

560 2034 790 2142 00118ιρ9ζὸῧὸ
813 2051 922 2102 tillem
948 2034 1131 2115 i0tl²¹¹³³l²⁵2
1145 2050 1271 2139 ‚1²⁰³wa
1296 2056 1393 2099 ΗΜ
1412 2036 1455 2098 ‘¹⁰
1508 2058 1632 2123 ilerum
1656 2058 1739 2121 ordo
1768 2058 1891 2145 inipso
1920 2084 2031 2126 rorum
2056 2086 2173 2129 tratura
2203 2064 2424 2151 conspicitur,
2453 2074 2488 2131 et

472 2124 574 2188 rebus
597 2134 769 2230 welleii&
801 2135 960 2209 quantum
981 2120 1102 2187 malum
1125 2134 1186 2201 ⁸¹¹2
1219 2118 1456 2228 qudeDiabo
1508 2157 1561 2211 est
1583 2143 1638 2211 hic
1666 2142 1749 2208 ordo
1771 2155 1911 2211 naturae
1940 2168 1990 2213 ma
2040 2170 2092 2213 uni
2125 2148 2318 2218 miraculum
2342 2164 2374 2217 et
2399 2151 2488 2217 testi·

472 2206 528 2275 lus
550 2208 689 2295 impellit
711 2210 840 2275 animos
861 2210 1028 2287 hominus,
1057 2220 1092 2273 ut
1115 2206 1216 2274 multa
1238 2205 1340 2273 mrlha
1358 2218 1455 2273 ruent
1508 2230 1654 2297 monium
1693 2250 1889 2317 expressum
1929 2234 1970 2298 ,ιθ
2038 2255 2094 2315 ,03
2139 2240 2219 2303 ape,
2256 2244 2317 2304 „p
2353 2240 2488 2306 ,eptem

472 2294 507 2357 ln
529 2308 698 2360 aeternum
732 2297 875 2361 exitium.
937 2294 1029 2361 llaec
1070 2295 1255 2381 cogitemus
1290 2290 1455 2371 dolentes,
1507 2320 1609 2399 mm,
1646 2320 1733 2383 dm,
1766 2324 1827 2383 ψῃ.
1858 2322 1969 2386 ,emm
2002 2324 2073 2387 σιω
2101 2334 2255 2403 ΨΜ
2320 2320 2487 2411 cogique,

473 2391 508 2446 0²
529 2393 680 2465 ι’θῗῑιῐῐῑῑῑε
701 2378 857 2447 ⁸¹¹1ffi¹¹¹¹¹
880 2402 902 2445 ἃ
922 2380 1007 2451 990·
1507 2422 1606 2489 quam
1627 2399 1786 2468 mirabilis
1808 2406 1851 2468 sit
1879 2402 2031 2473 ellicacia
2058 2403 2244 2493 herbarum,
2271 2420 2304 2473 et
2326 2406 2486 2497 Stigellus

559 2496 714 2561 Diodotus
735 2515 757 2557 a
780 2491 955 2577 διαβάιιω,
989 2495 1132 2569 disiicio,
1164 2496 1392 2573 tetrarchae,
1424 2498 1457 2555 et
1506 2490 1611 2574 probe
1633 2488 1728 2555 dixit:

470 2575 668 2656 calumnior,
692 2578 818 2661 diodoli
840 2577 1016 2643 calumnia.
1059 2576 1236 2657 Diabolus,
1259 2578 1380 2656 idest,
1403 2596 1455 2641 ca·
1635 2612 1905 2691 praesentemque
1936 2619 2044 2693 refert
2069 2616 2225 2695 patoettdet
2250 2616 2353 2681 derha
2374 2620 2477 2681 Deerit

469 2662 662 2742 luntniator,
682 2664 818 2748 spiritus
841 2663 996 2740 rtrerrdax,
1024 2676 1056 2729 et
1085 2674 1197 2748 potest
1224 2674 1296 2729 arte
1325 2676 1454 2749 pertur-
2475 2662 2486 2679 '

469 2750 553 2815 hare
581 2761 675 2815 recte
708 2749 797 2815 dicta
829 2760 865 2814 et
896 2750 1127 2817 contradicere
1162 2749 1301 2816 veritati.
1356 2748 1482 2832 Apud·
1592 2744 1747 2831 cogitate
1770 2748 1883 2826 ctione,
1917 2768 2016 2835 quam
2048 2747 2189 2836 pulchra
2219 2754 2262 2817 sit
2290 2754 2486 2821 vicissitudo

468 2834 729 2920 Aristophanem
752 2846 822 2903 est:
855 2831 959 2901 Filius
991 2856 1086 2901 tricus
1119 2834 1300 2917 αἰτιλογικις
1322 2856 1454 2919 :ronrpcr
1477 2829 1482 2875 ¹
1507 2833 1632 2899 dierum
1668 2844 1699 2897 ct
1733 2834 1894 2913 noctium,
1932 2836 2051 2901 deiude
2084 2837 2252 2903 intuemini
2284 2840 2393 2925 ipsum
2426 2838 2486 2905 lto·

467 2934 582 3009 potest
614 2922 844 2989 contradicere
871 2924 1028 3001 raritati,
1059 2932 1093 2987 et
1126 2943 1189 2988 eo
1222 2924 1365 3009 agebam
1386 2920 1454 2987 hoc
1505 2919 1635 2992 minem,
1666 2919 1721 2984 uni
1744 2916 1843 2986 oculo
1866 2933 1988 3006 quanta
2022 2923 2073 2987 vis
2107 2936 2139 2989 et
2171 2936 2330 3027 quantum
2363 2927 2486 2991 honum

467 3028 603 3094 semper
636 3008 840 3096 συνταῤῥᾰξαι
871 3008 937 3084 τούς
968 3008 1080 3087 λόγους.
1139 2946 1196 3076 ξίν.
1229 3008 1362 3093 quidam
1396 3027 1451 3091 pa·
1505 3006 1594 3071 insit.
1640 3004 1708 3069 Sed
1731 3016 1823 3071 tanta
1846 3018 1898 3070 est
1921 3008 2069 3071 caecitas
2092 3019 2126 3073 et
2147 3012 2279 3077 miseria
2303 3010 2484 3091 hominum,

468 3104 541 3163 tant
563 3114 641 3161 csse
659 3096 857 3179 sapientiam
880 3115 1043 3161 summam
1065 3118 1198 3181 seraper
1222 3094 1454 3161 contradicere
1507 3110 1551 3170 ut,
1574 3114 1649 3158 cum
1672 3091 1758 3155 haec
1777 3093 1934 3157 deberent
1952 3112 2031 3158 esse
2049 3097 2237 3161 testimonla
2260 3099 2301 3163 de
2324 3094 2418 3169 Dea,
2442 3099 2485 3163 ab

468 3190 502 3248 ct
522 3194 616 3246 racto
638 3182 724 3245 dicta
753 3182 965 3247 conturbare.
1023 3180 1090 3247 Sed
1110 3182 1176 3243 har
1199 3190 1370 3265 per-cataro
1400 3189 1455 3243 est
1505 3179 1554 3241 eis
1588 3178 1781 3257 discedant,
1814 3187 1845 3241 et
1880 3176 2006 3267 lingant
2036 3178 2121 3245 haec
2156 3201 2237 3248 casu
2270 3182 2488 3265 confluxisse,

473 3277 591 3331 contra
614 3278 771 3335 octavma
798 3282 1024 3355 praeceptum.
1079 3267 1217 3333 larentu
1238 3268 1377 3335 aer-itate
1399 3266 1454 3329 de·
1505 3282 1538 3329 et
1560 3266 1701 3330 sathinde
1724 3264 1855 3329 nrultmi
1882 3266 2034 3332 rotundos.
2091 3270 2143 3335 Ila
2174 3270 2286 3353 trompt
2309 3272 2369 3337 der
2390 3266 2486 3335 Beel-

466 3352 587 3419 hernus
631 3352 866 3437 acquiescere,
909 3364 946 3419 ut
979 3355 1104 3421 veritas
1137 3364 1206 3419 cst:
1238 3352 1317 3419 Non
1348 3352 1453 3419 debes
1504 3346 1602 3417 zebul
1642 3354 1707 3417 ond
1742 3353 1868 3417 raocdot
1913 3354 2192 3438 perturbationes.
2256 3352 2341 3422 Cum
2376 3366 2487 3422 autern

466 3434 607 3505 multum
628 3438 753 3505 bibere.
798 3438 862 3505 llic
880 3440 987 3507 debeo
1010 3442 1244 3529 acquiescere,
1266 3460 1335 3507 non
1357 3460 1454 3522 repu-
1504 3448 1597 3503 tante
1618 3437 1661 3502 sit
1685 3438 1831 3503 caecitas
1864 3438 2021 3519 humana,
2054 3452 2090 3505 ut
2122 3462 2190 3508 non
2223 3454 2400 3507 marcatus
2431 3442 2486 3507 hie

493 3544 587 3605 nere,
608 3530 668 3593 teir
689 3530 791 3593 roden
807 3527 898 3595 nuti
917 3534 1047 3611 rauffen
1072 3535 1132 3595 cte
1153 3532 1215 3600 dor
1236 3528 1317 3593 oeae.
1373 3523 1454 3591 Dia·
1504 3525 1663 3609 operihus
1687 3534 1718 3589 et
1742 3524 1858 3589 ordine
1878 3536 2036 3606 naturae,
2064 3547 2162 3613 quern
2185 3538 2295 3594 tamen
2318 3524 2410 3595 nrdla
2432 3548 2487 3595 sa·

466 3546 538 3677 ioli
559 3623 613 3678 est
634 3612 875 3679 contradicere.
932 3613 977 3679 Ut
1010 3616 1144 3702 quaudo
1169 3614 1261 3679 Deus
1295 3613 1330 3678 in
1356 3632 1453 3697 para·
1503 3612 1626 3697 pientia
1648 3630 1817 3696 exponere
1839 3622 1969 3694 potest,
2002 3614 2143 3679 instituit
2163 3608 2258 3680 Deus
2286 3610 2354 3681 alia
2381 3633 2486 3701 opera

467 3698 543 3764 tiso
567 3698 650 3764 dixit
670 3701 713 3765 ad
731 3698 841 3767 Adam
863 3711 897 3765 et
913 3696 1004 3769 Eva:
1030 3704 1223 3785 Quocunque
1239 3704 1294 3768 dte
1309 3700 1454 3767 comede·
1504 3708 1598 3763 extra
1630 3696 1722 3763 huue
1755 3696 1904 3761 ordinem
1942 3710 2098 3780 naturae,
2142 3700 2269 3767 maiora
2302 3714 2336 3767 et
2367 3712 2485 3787 poten·

465 3790 544 3850 rittr
564 3787 607 3852 dc
627 3789 746 3853 ardore
766 3789 839 3866 doc,
857 3790 1044 3855 moriemini
1049 3812 1062 3871 ;
1091 3790 1152 3854 sed
1175 3784 1338 3855 Diabolus
1364 3784 1453 3851 veuit
1504 3785 1589 3850 tiora
1610 3784 1678 3849 hoc
1699 3782 1816 3847 ordine
1836 3794 1988 3866 naturae,
2010 3798 2057 3863 ut,
2087 3787 2378 3855 resuscitationem
2400 3808 2485 3853 mor

466 3880 500 3937 ct
522 3872 720 3937 contradicit
741 3871 873 3939 diceas:
894 3878 999 3943 Eritis
1019 3877 1106 3943 sicut
1122 3874 1194 3954 Dii,
1224 3878 1256 3943 ει·
1278 3875 1453 3941 comederi-
1504 3882 1647 3949 tuorum,
1670 3892 1745 3936 cum
1767 3868 1849 3935 facit
1870 3891 1991 3937 anuum
2015 3872 2165 3939 sterilem
2193 3876 2384 3962 gravidam
2408 3893 2485 3939 cun

466 3964 511 4023 tir
543 3959 586 4024 de
617 3962 737 4025 arbore
772 3965 837 4027 illo.
902 3960 985 4026 ltem
1023 3962 1190 4027 lohannes
1226 3962 1306 4026 dicit
1343 3960 1453 4045 eapite
1503 3958 1591 4023 sistit
1608 3953 1728 4036 solem,
1757 3955 1834 4023 item
1855 3956 1994 4023 fluvium
2015 3958 2201 4025 iordanem.
2251 3956 2338 4026 Sunt
2364 3958 2485 4026 tuoto

465 4045 590 4129 primo:
631 4049 761 4113 Verium
792 4055 868 4113 erat
884 4050 983 4131 Deus,
1016 4045 1071 4112 hic
1104 4048 1192 4130 λόγος
1224 4066 1285 4111 seu
1312 4046 1453 4111 verbum
1502 4043 1588 4110 haec
1615 4039 1775 4109 miracula
1808 4044 1908 4109 etiam
1940 4046 2147 4125 testimonia,
2182 4047 2272 4132 quod
2304 4045 2391 4113 haec
2424 4046 2485 4111 do·

466 4130 852 4215 significatpersoaaa13
874 4135 936 4197 sed
954 4136 1194 4199 Samosatenus
1217 4133 1336 4200 ludens
1355 4133 1452 4197 dixit:
1503 4132 1609 4196 ctrina
1631 4132 1675 4194 sit
1703 4149 1802 4210 vera,
1824 4140 1857 4194 et
1879 4130 1954 4195 ideo
1977 4142 2055 4196 sunt
2077 4132 2243 4197 ordinaria
2266 4132 2414 4211 condita,
2446 4140 2485 4197 ut

475 4218 607 4283 Verbum
629 4222 678 4280 est
699 4220 818 4282 dictum
851 4236 916 4281 riou
948 4221 1111 4284 durabile:
1143 4240 1220 4301 erpo
1252 4240 1317 4285 raon
1347 4228 1457 4302 pateat
1503 4217 1764 4283 extraordinaria
1792 4212 2028 4303 intelligantur.
2091 4216 2183 4281 ilaec
2217 4228 2295 4282 saint
2329 4217 2423 4307 grat-i
2452 4226 2486 4283 et

467 4324 541 4371 erae
571 4322 725 4386 posnan.
779 4301 839 4365 Sic
871 4300 1025 4368 Christus
1058 4304 1152 4370 dicit:
1194 4308 1299 4371 Venite
1332 4308 1378 4369 od
1402 4326 1452 4370 me
1502 4323 1584 4366 vera
1623 4302 1824 4386 cogitatione
1862 4302 2107 4387 persequenda.
2161 4300 2252 4368 Dicit
2284 4323 2323 4368 se
2356 4304 2486 4369 mittere

466 4410 589 4457 omues.
631 4385 796 4453 Diabolus
818 4388 911 4453 dicit:
947 4394 993 4454 Tu
1024 4410 1090 4456 non
1122 4398 1269 4475 partums
1296 4394 1343 4457 od
1365 4393 1452 4457 dorae
1502 4387 1616 4459 filium,
1651 4399 1683 4451 et
1715 4387 1772 4465 ita,
1805 4397 1841 4451 ut
1873 4388 1931 4451 flat
1964 4388 2098 4451 uictima
2130 4410 2192 4474 pro
2230 4390 2339 4455 nobis.
2391 4388 2485 4457 llaec

461 4480 733 4563 propositionem,
764 4477 952 4556 serietate
985 4484 1020 4542 tu
1051 4496 1115 4541 non
1148 4498 1184 4544 ea
1216 4484 1346 4543 electus.
1391 4477 1449 4543 Sic
1502 4486 1573 4540 tota
1596 4472 1746 4539 doctrino
1769 4486 1821 4537 est
1839 4486 1934 4537 extra
1957 4469 2174 4558 conspectum
2194 4473 2360 4541 humanae
2382 4476 2484 4541 ratio·
2516 4532 2519 4537 ⁴

466 4562 621 4628 remissio
653 4569 868 4647 peccatorum
901 4574 953 4627 est
986 4564 1154 4648 promissa
1186 4565 1340 4629 omnihus
1371 4582 1449 4627 con·
1501 4563 1565 4625 nis.
1626 4559 1706 4624 ldeo
1739 4560 1862 4624 addidit
1891 4556 1984 4626 Deus
2023 4562 2212 4626 testimonia
2244 4582 2325 4628 sune
2356 4557 2485 4628 revela·

467 4646 673 4735 lugientihus
697 4648 739 4711 ad
758 4645 926 4713 Christum
947 4650 1181 4727 mediatorem3
1203 4652 1264 4715 sed
1281 4647 1449 4714 Diabolus
1501 4648 1581 4711 tioni
1600 4664 1718 4711 novae.

467 4736 614 4799 renitet
649 4730 868 4800 calumniatur
900 4736 990 4800 dieta
1015 4734 1079 4801 liei
1107 4737 1239 4802 dicens:
1278 4740 1323 4802 tu
1349 4736 1449 4801 dobes
1590 4732 1652 4798 llic
1691 4752 1779 4797 nunc
1817 4733 1923 4798 oritur
1963 4736 2127 4817 quaestio.
2185 4731 2353 4799 Diabolus
2386 4736 2485 4801 etiam

463 4830 609 4905 peccato,
627 4824 687 4887 titt
705 4840 771 4887 non
792 4828 1012 4907 remittentur,
1045 4831 1082 4889 tu
1108 4844 1172 4890 non
1195 4846 1232 4890 es
1253 4828 1374 4889 electus
1395 4830 1453 4888 ortt
1503 4818 1585 4885 facit
1607 4816 1783 4898 miracula,
1817 4838 1901 4905 quae
1935 4819 2081 4884 discerni
2111 4828 2243 4904 oportet
2271 4818 2484 4885 amiraculis

467 4910 594 4989 deputo.
1505 4904 1645 4990 Christi,
1680 4916 1716 4969 ut
1745 4925 1818 4971 cum
1841 4904 2041 4970 Tartuinius
2069 4907 2189 4971 scindit
2219 4918 2337 4973 cotem.
2388 4902 2485 4971 'l'alia

556 4996 665 5075 Satan,
697 4993 813 5072 idest,
846 4994 1032 5079 impeditor,
1065 4996 1275 5073 adversator,
1299 5006 1333 5057 et.
1355 5014 1450 5060 usur·
1504 4990 1638 5058 fuerunt
1660 4992 1748 5075 apad
1770 5011 1834 5056 nos
1857 5013 1910 5055 mu
1927 5004 1959 5056 ta
1976 4990 2147 5070 miracala,
2165 5004 2202 5057 ut
2225 5013 2300 5057 cnm
2322 4992 2383 5057 fuit
2405 5012 2484 5057 con·

468 5090 566 5163 petar
599 5081 697 5144 etiam
728 5101 791 5162 pro
825 5078 1081 5161 calumniatore,
1114 5088 1168 5149 ein
1189 5083 1357 5160 verdum,
1390 5084 1452 5147 der
1505 5080 1646 5146 suetudo
1670 5098 1806 5143 currere
1827 5080 1870 5142 ad
1894 5080 1929 5145 S.
1946 5077 2077 5153 Viturn;
2106 5079 2149 5141 ihi
2172 5078 2322 5144 homines
2345 5098 2386 5143 eo
2408 5098 2483 5163 per-

469 5172 573 5231 etncm
589 5168 642 5230 dte
663 5170 742 5230 rede
762 5170 919 5232 verteret.
1508 5168 1593 5231 venti
1627 5168 1800 5231 iacuerunt
1832 5185 1893 5249 per
1924 5178 1994 5231 tres
2028 5165 2130 5231 horas
2163 5167 2259 5251 quasi
2285 5164 2415 5243 mortui,
2450 5174 2485 5229 et

560 5253 776 5318 Calumniator
809 5273 830 5316 a
851 5256 964 5329 καλεῖν,
995 5253 1117 5332 idest,
1146 5273 1250 5339 saepe
1271 5272 1395 5317 vocare
1418 5253 1452 5317 in
1507 5254 1557 5316 sic
1583 5253 1793 5317 crediderunt
1827 5273 1865 5316 se
1894 5248 2101 5335 persolvisse
2134 5264 2223 5317 rota.
2267 5250 2347 5316 lteru
2371 5270 2483 5317 curre·

469 5334 635 5414 iudicium,
657 5340 791 5423 proprie
812 5338 979 5424 signifieat
1008 5336 1120 5418 talem,
1148 5342 1203 5426 qui
1226 5341 1269 5405 de
1290 5338 1383 5403 nihili
1400 5360 1452 5403 re-
1506 5342 1586 5403 hant
1609 5337 1761 5404 homines
1792 5358 1833 5401 ex
1860 5340 1952 5425 agris
1980 5358 2043 5403 nec
2066 5339 2216 5417 edentes,
2248 5358 2309 5403 aec
2332 5337 2484 5403 hibentes

469 5421 535 5486 bns
567 5421 710 5509 aliquem
742 5426 776 5488 in
807 5425 963 5489 iudicium
996 5438 1113 5504 vacat,
1147 5447 1345 5512 quamquam
1374 5425 1452 5491 mihi
1505 5426 1548 5491 ad
1576 5436 1719 5490 statuam
1752 5422 1967 5510 Ratisponae‚
1998 5422 2102 5491 veluti
2135 5426 2347 5491 insanientes.
2402 5422 2485 5487 ltcm

466 5508 580 5593 potius
602 5510 732 5575 videtur
750 5510 893 5575 ‹ledvari
915 5531 937 5575 a
957 5510 1067 5593 natio,
1100 5514 1241 5591 bortum,
1274 5525 1307 5579 et
1338 5515 1452 5595 μειοῦν,
1507 5510 1714 5577 Athanasius
1758 5513 1854 5576 etiam
1898 5512 1995 5577 eiecit
2046 5512 2231 5577 daemonia.
2299 5510 2356 5575 Sic
2400 5505 2485 5575 ludit

467 5596 629 5677 minuere,
649 5597 711 5662 dar
731 5600 825 5665 recht
839 5600 958 5681 peredt
976 5606 1031 5679 iet,
1057 5602 1226 5667 retractem
1253 5602 1323 5667 und
1341 5603 1453 5667 retut-
1506 5596 1680 5665 Diabolus.
1737 5596 1817 5665 item
1839 5598 1972 5685 quidam
2004 5598 2137 5666 nomine
2169 5597 2318 5665 Lnarus
2348 5598 2485 5663 iuterro-
