5934 6709
511 714 576 781 tol
826 758 831 766 -
1146 704 1598 776 animumanimum
1618 703 1882 773 mabrica
1921 784 1931 801 ,
2308 776 2311 783 ,
2460 702 2528 771 492

511 903 624 967 rebus.
670 901 717 961 Es
738 903 781 960 ist
803 898 911 975 sedan,
925 900 1058 983 quando
1076 897 1176 962 hamo
1199 898 1317 962 retinet
1339 893 1495 982 tranquil·
1543 896 1648 972 suaset
1679 896 1757 970 oict,·
1826 896 1880 959 tria
1914 892 2013 960 simul
2045 891 2333 977 comprehenditur
2372 893 2527 959 remissio

511 986 636 1053 litatem
659 987 757 1050 animi
780 987 812 1048 in
836 986 938 1049 rebus
962 985 1127 1049 adversis.
1149 987 1206 1044 vrn'e
1228 984 1286 1047 der
1304 983 1380 1043 Ver:
1399 983 1498 1046 iaciat:
1547 990 1776 1064 peccatorunn
1850 992 1975 1046 tcerta
1998 1000 2078 1129 spes
2100 976 2306 1044 liberationis
2330 975 2451 1056 finalis,
2472 976 2530 1045 vel

516 1072 629 1135 Tamen
646 1092 708 1152 par
725 1074 813 1150 ipsos
834 1071 915 1131 Iacet
937 1052 1216 1133 acrunmardecas.
1240 1068 1282 1132 Et
1294 1066 1495 1133 Aristoteles
1520 1048 1524 1163 l
1548 1066 1774 1150 mitigationis.
1818 1065 2007 1150 Dierczwey
2031 1066 2082 1131 aci
2105 1065 2405 1130 restituuutvitam.
2439 1063 2529 1131 Con·

513 1159 606 1223 dicits
655 1156 700 1219 Τὸ
728 1157 819 1219 καλόν
842 1157 954 1237 λάμπει
981 1161 1011 1219 ἐν
1028 1163 1093 1228 ταῖς
1111 1155 1292 1236 δυστυχίαις.
1335 1154 1495 1220 Camillus
1548 1149 1671 1217 solatio
1700 1149 1938 1236 Philosophica
1968 1166 2019 1217 est
2052 1163 2178 1217 tantum
2207 1149 2326 1237 legalis
2334 1196 2345 1230 ,
2377 1170 2445 1214 non
2475 1162 2530 1217 est

511 1243 665 1309 deltoton
688 1241 805 1304 edriiclr
827 1244 860 1305 in
883 1239 1000 1317 exili03
1022 1240 1102 1306 nihil
1124 1252 1276 1306 movetur
1294 1245 1496 1308 excussione
1547 1236 1641 1301 Evan
1668 1234 1771 1317 elica,
1794 1239 1856 1301 sed
1883 1239 2043 1303 tamenin
2065 1235 2220 1303 Ecclesia
2241 1256 2375 1324 quoque
2396 1233 2529 1322 legales

511 1327 580 1395 illa.
626 1328 737 1393 Dauid
760 1349 827 1393 non
849 1326 1014 1413 frangitur
1036 1330 1145 1391 animo
1166 1325 1495 1406 inexilio,noncon·
1548 1259 1800 1388 considetione
1823 1344 1919 1390 suum
1941 1325 2065 1388 habent
2086 1344 2194 1389 usum.
2238 1321 2375 1408 Legalis
2406 1343 2528 1389 conso·

512 1416 629 1482 sciscit
651 1416 715 1479 sibi
736 1429 876 1480 mortem
899 1416 985 1479 sicut
1008 1410 1111 1491 Saul,
1143 1410 1224 1477 lacit
1245 1414 1377 1492 crnnia,
1409 1434 1496 1498 quae
1546 1404 1628 1473 latio
1651 1412 1749 1489 nimpt
1773 1408 1852 1473 ancl
1874 1409 2003 1471 erstlicb
2024 1410 2274 1488 necessitatem,
2302 1410 2362 1473 sed
2384 1408 2530 1476 intuetur

512 1516 592 1568 sunt
613 1499 767 1566 facienda
788 1502 861 1565 vlro
884 1500 971 1565 forti
1038 1500 1269 1579 emptandere,
1292 1502 1348 1584 qui
1372 1501 1496 1565 resad·
1547 1492 1606 1559 illa
1633 1497 1819 1560 necessitas
1849 1492 2054 1561 voluntatem
2083 1495 2157 1560 Dei.
2206 1495 2305 1559 Dicae
2328 1497 2451 1572 frenae
2480 1495 2533 1559 soi

511 1607 631 1654 versas
654 1588 806 1651 modeste
828 1584 985 1664 tulerunt,
1006 1588 1156 1646 nieman
1177 1593 1251 1667 sapt
1278 1586 1320 1651 de
1342 1586 1496 1665 Socrate,
1548 1579 1704 1645 denotem
1747 1578 1851 1645 Filius
1879 1591 1956 1647 tuus
1986 1593 2039 1646 est
2070 1593 2222 1646 mortuus
2255 1578 2429 1646 voluntate
2449 1580 2528 1662 Dei,

513 1673 602 1761 quod
624 1669 756 1756 placide
778 1674 895 1737 adierit
918 1683 1067 1737 mortem.
1518 1666 1525 1753 l
1548 1677 1582 1731 et
1603 1678 1639 1731 tu
1662 1667 1766 1731 debes
1784 1664 1861 1731 Deo
1885 1667 2040 1746 obedire,
2068 1667 2158 1732 iuxta
2181 1664 2279 1733 illud:
2312 1666 2531 1731 Hmniliomini

598 1758 729 1824 Tertius
751 1757 849 1825 locus
872 1769 926 1824 est
948 1759 1172 1833 conscientia3
1196 1757 1352 1824 Haecest
1374 1778 1496 1843 magua
1547 1751 1603 1813 ³1⁸⁶
1619 1755 1749 1833 polenii
1770 1774 1861 1813 mm
1881 1751 1956 1818 Dei·
1999 1751 2095 1818 item:
2120 1752 2243 1815 Bonum
2265 1752 2455 1836 ’111111Μᾶ
2473 1755 2529 1818 lt*

513 1845 713 1911 consolatio.
757 1842 883 1910 Contra
907 1865 980 1909 cum
1004 1841 1091 1908 nrala
1120 1860 1172 1909 est
1201 1844 1419 1922 conscientia,
1437 1845 1496 1908 du·
1547 1838 1953 1917 aeliamsanctiam».
1980 1842 2217 1918 iustificationes
2244 1847 2332 1900 taos:
2377 1838 2442 1902 aad
2469 1844 2529 1905 ato

512 1927 655 2017 plicatur
677 1929 807 1995 malum.
852 1929 1034 1995 Catamitus
1057 1950 1119 2015 per
1141 1949 1179 1994 se
1203 1943 1256 1993 est
1273 1927 1411 1996 malum:
1433 1931 1497 1995 sed
1546 1924 1702 1988 maetam
1723 1923 1857 2007 *pruche
1873 1924 2010 1998 bet'rsen,
2058 1946 2121 1991 uae
2145 1926 2371 2011 praecipiunt,
2398 1946 2440 1991 ne
2460 1924 2528 1994 lre·

513 2019 646 2083 accedit
668 2018 804 2081 interius
833 2013 972 2093 malum,
1000 2013 1173 2095 videlicet,
1202 2013 1302 2081 dolor
1323 2018 1496 2082 couscieu·
1546 2032 1674 2077 uranrus
1692 2010 1856 2076 adversus
1878 2008 1997 2077 Deum.
2071 2023 2084 2076 t
2106 2014 2157 2077 sic
2180 2012 2315 2078 dicitur:
2336 2011 2528 2084 Irascimini.

514 2102 592 2182 tiae,
615 2104 670 2186 qui
693 2116 745 2166 est
767 2102 963 2188 principium
985 2103 1101 2167 mortis
1119 2114 1288 2168 aeternae·
1546 2103 1578 2161 et
1594 2096 1693 2160 nolite
1709 2116 1858 2177 peccare.

1632 2182 1788 2268 Dignitas
1800 2184 1930 2255 virtutis
1940 2185 1983 2244 ist
2000 2180 2079 2244 anob
2086 2185 2172 2267 saian
2194 2182 2374 2251 Christiani
2392 2204 2461 2251 uon
2473 2184 2530 2252 de-

1545 2265 1745 2334 bentfacere
1754 2280 1871 2333 contra
1883 2270 2057 2346 iustitiam3
2071 2291 2139 2334 non
2145 2268 2530 2339 debentsacercmanda·

1546 2366 1615 2418 tum
1625 2353 1689 2418 Dei
1697 2352 2004 2437 propter'dolorem:
2015 2354 2170 2428 Iltrsedet,
2181 2358 2240 2417 ecia
2250 2356 2448 2438 erumpebat
2462 2356 2529 2423 Ca·

666 2425 746 2522 Wie
774 2428 877 2522 keini
904 2433 979 2521 der
1003 2433 1183 2547 pimeine
1218 2425 1348 2523 Vm?
1517 2392 1521 2509 l
1545 2437 1671 2505 lumuia
1684 2452 1736 2504 est
1749 2441 1892 2505 deterior
1902 2454 2020 2505 morte.
2042 2441 2107 2501 Mir
2118 2441 2463 2523 bepepnenoffimcdea,
2471 2443 2530 2506 dia

1517 2522 1521 2603 ξ
1546 2528 1606 2587 nair
1620 2525 1721 2587 weber
1743 2524 1818 2587 11ιιιιι
1839 2527 1921 2591 derna
1935 2527 1994 2589 dar
2008 2525 2099 2589 Tati:
2116 2540 2227 2593 tameo
2243 2548 2310 2593 non
2331 2529 2439 2595 debeo
2449 2528 2532 2595 milul

1546 2612 1622 2677 ideo
1647 2612 1862 2679 consciscere
1884 2626 2042 2693 mortem,
2070 2633 2138 2678 non
2169 2613 2275 2679 debeo
2297 2634 2351 2679 me
2383 2616 2531 2682 abiicere

1548 2699 1710 2784 turpiter,
1742 2719 1809 2762 non
1842 2697 1956 2765 iacere
1989 2710 2106 2764 contra
2139 2699 2347 2766 modestiam.
2401 2700 2531 2782 Deleta,

1548 2792 1619 2865 sapt
1641 2770 1777 2863 Paulus,
1799 2805 1862 2846 non
1882 2792 1918 2846 at
1937 2793 2054 2867 pentes.
2099 2783 2191 2856 ltenr,
2213 2786 2310 2850 toties
2327 2788 2531 2873 praecipitur

1548 2871 1591 2935 de
1611 2871 1782 2956 patientia,
1803 2883 1839 2935 ut
1862 2892 1936 2936 cum
1956 2872 2093 2938 dicitur:
2135 2869 2175 2931 Ia
2187 2874 2347 2953 patientia
2363 2874 2532 2955 possidete

1549 2960 1669 3017 animas
1688 2963 1817 3017 cestros.
1855 2954 1967 3021 Debet
1988 2976 2069 3022 csse
2089 2955 2272 3024 moderatio
2285 2955 2428 3025 doloris:
2450 2960 2531 3025 Non

603 3043 749 3117 Quartus
770 3041 869 3109 locus
887 3055 939 3107 est
949 3040 1163 3129 Exemplum:
1194 3043 1289 3109 Wenn
1305 3042 1498 3106 demolitio
1548 3042 1708 3107 debemus
1731 3039 1905 3130 indulgere
1928 3040 2048 3123 dolori,
2071 3043 2230 3111 debemus
2251 3044 2423 3109 resistere:
2442 3044 2531 3115 Quia

512 3129 617 3198 lciden
637 3130 705 3208 sal,
733 3130 832 3194 otras
859 3129 1127 3195 malaciam:
1152 3131 1214 3194 sed
1267 3130 1377 3196 uarrdo
1402 3126 1497 3195 multi
1548 3130 1684 3190 trinnio
1706 3129 1828 3191 accidit
1848 3127 2015 3210 donnana,
2047 3137 2078 3191 ct
2109 3151 2172 3192 non
2204 3136 2249 3192 cst
2274 3128 2397 3193 utilitas
2417 3133 2453 3192 in
2475 3150 2525 3195 aa.

512 3217 694 3304 patiuntur,
712 3236 886 3281 movemur
896 3214 1108 3301 aequalitate,
1120 3228 1157 3281 at
1179 3151 1310 3282 saciiius
1331 3215 1495 3282 feramus:
1548 3212 1625 3280 Nou
1649 3214 1809 3281 debemus
1831 3212 2015 3299 indulgere,
2038 3215 2099 3282 sed
2121 3235 2317 3304 repugnare,
2327 3226 2362 3282 et
2381 3217 2529 3283 retinere

513 3303 589 3369 cuia
621 3303 748 3366 iustitia
780 3314 833 3367 est
861 3299 1057 3387 aequalitas.
1100 3303 1181 3367 Dies
1202 3305 1247 3367 iot
1268 3300 1348 3364 anab
1371 3299 1496 3387 qualis·
1547 3320 1665 3387 pacem
1682 3299 1756 3366 Dei.
1802 3300 1878 3367 Pax
1898 3301 1964 3363 Dei
1981 3302 2130 3384 pnbcrnct
2150 3302 2251 3366 corda
2271 3309 2383 3366 matra.
2427 3301 2529 3369 ltemt

513 3407 645 3473 cunqae
663 3385 866 3553 cpnsolatia,
879 3388 1113 3555 picptfflrppcitur
1134 3389 1382 3536 ἰιιιρᾶοιοιίιίιιε
1405 3388 1496 3495 Cam·
1547 3385 1619 3539 iii,
1636 3384 1785 3537 Darptnp.
1829 3386 1984 3469 ltem,1n
2004 3389 2144 3463 dimna,
2165 3390 2200 3455 id
2221 3398 2293 3473 est,
2311 3389 2347 3455 io
2367 3386 2531 3478 tranquil·

511 3493 601 3538 11111118
621 3495 684 3534 nott
701 3495 738 3535 ra
774 3495 824 3535 um
845 3494 878 3534 08
913 3493 963 3534 tm
1031 3495 1048 3539 8
1070 3493 1199 3535 comba
1227 3496 1264 3544 0,
1286 3498 1384 3538 ROWW
1405 3499 1496 3539 11121111·
1562 3495 1572 3539 l
1620 3493 1640 3540 0
1662 3494 1705 3539 dn
1718 3495 1771 3539 ml.

530 3584 575 3623 av
602 3495 968 3646 tnamaayimoapiom.
1025 3559 1124 3622 Wma
1151 3563 1201 3622 eia
1225 3578 1402 3626 commune
1430 3581 1497 3626 ma·
1634 3558 1732 3626 Bona
1753 3561 1959 3628 conscientia
1991 3562 2025 3627 in
2057 3558 2191 3628 homine
2212 3558 2405 3628 Christiano
2426 3560 2527 3628 etiam

510 3583 580 3711 lum
600 3644 720 3726 kompt,
743 3656 811 3710 tum
832 3663 1005 3711 movemur
1026 3645 1200 3732 exemplis,
1217 3643 1495 3714 utmiunsdolea·
1547 3645 1662 3711 minuit
1683 3644 1849 3714 dolorem:
1898 3646 1996 3709 chn
2017 3647 2068 3711 ted
2089 3651 2185 3729 aas,
2217 3648 2306 3734 quod
2327 3648 2437 3735 patior
2458 3666 2552 3719 non.

510 3750 599 3811 urus,
619 3751 725 3796 wama
745 3730 841 3794 sedon
858 3733 1011 3812 maome
1031 3730 1110 3800 tint.
1546 3753 1609 3817 pro
1633 3741 1685 3798 ter
1701 3730 1844 3813 scelera,
1866 3756 1902 3795 ιο
1924 3732 2007 3796 loide
2030 3732 2082 3797 icit
2103 3738 2159 3798 mit
2187 3734 2278 3797 desto
2298 3734 2453 3817 adipeam
2471 3753 2524 3817 pa

599 3817 741 3891 Quintus
763 3814 874 3894 locus,
894 3838 1042 3884 caussae
1063 3816 1194 3898 finales,
1218 3815 1385 3899 videlicet,
1404 3820 1495 3907 quod
1546 3754 1639 3884 naal
1685 3816 1746 3880 Est
1768 3819 1892 3903 abmid
1911 3825 2033 3902 naonis
2053 3825 2168 3886 erimar
2190 3821 2295 3884 ιιὸιιιι
2315 3821 2415 3888 maiis.
2454 3820 2527 3887 Sed

641 2648 704 2714 Est
722 2649 846 2730 aliquid
867 2653 989 2730 mapnis
1011 2653 1125 2712 crimen
1147 2651 1254 2717 abesse
1274 2648 1374 2710 malis.

645 2735 781 2797 Conscia
803 2755 887 2800 mens
908 2744 942 2796 nt
971 2738 1082 2818 cuipam
1104 2756 1163 2800 sno
1191 2744 1251 2806 at.
1282 2739 1331 2797 ita
1355 2738 1497 2817 concipit

684 2823 771 2882 intra

645 2905 793 2979 Pectora,
810 2926 875 2989 pro
893 2908 1013 2971 meritis
1033 2927 1175 2990 speroque
1196 2914 1362 2990 mctwapaa
1383 2910 1461 2972 nde.

511 3903 677 3969 interdum
711 3903 810 3970 unius
843 3905 1090 3971 incommodum
1121 3906 1261 3990 prodest
1292 3903 1426 3986 multis,
1458 3917 1496 3974 ut
1545 3901 1602 3968 hic
1623 3904 1819 3971 inserendae
1840 3906 2439 3997 suntConsolationesEvangelicaez
2453 3906 2528 3973 rn-

511 3986 608 4056 miles
630 3990 770 4055 moritur
790 3990 823 4054 in
845 3989 930 4067 acie,
952 4011 1013 4075 pro
1035 3987 1145 4056 salute
1166 3988 1394 4076 Reipublicae·
1547 4010 1635 4055 mum
1655 3991 1781 4076 agnitio
1802 3995 2012 4077 praesentiae
2032 3992 2114 4070 Dci3
2135 3993 2299 4068 videlicet,
2323 3996 2410 4082 quod
2429 3993 2528 4060 Deus

599 4075 733 4155 Sextus,
756 4071 893 4141 collatio
915 4087 1101 4142 eventuum.
1146 4074 1267 4142 blelius
1285 4089 1338 4143 est
1354 4078 1439 4145 mori
1460 4078 1495 4143 ln
1546 4094 1628 4141 rere
1648 4085 1808 4155 testetur,
1835 4081 1924 4163 quod
1946 4079 2027 4144 velit
2049 4081 2172 4146 adessa
2193 4079 2343 4149 afflictis:
2390 4080 2453 4143 Ubi
2470 4079 2527 4141 da·

510 4160 595 4238 acic,
618 4183 719 4247 quam
740 4164 856 4227 venire
883 4162 917 4226 in
945 4163 1139 4228 servitutem
1161 4161 1336 4229 Turcioam
1370 4176 1405 4230 et
1436 4166 1495 4230 im·
1546 4161 1659 4225 atrata
1680 4160 1854 4226 Dominae?
1875 4166 2017 4229 incante
2034 4169 2172 4230 contrua
2186 4166 2526 4249 amtritotmmttato.

534 4246 611 4312 iam.
655 4249 738 4314 Dias
758 4251 802 4310 iat
822 4248 1006 4330 qemeinlr'eh
1029 4248 1117 4328 alsa,
1146 4246 1237 4314 Mala
1259 4270 1327 4316 non
1349 4251 1496 4316 vitantur
1545 4247 1596 4314 'l'u
1614 4249 1747 4334 quando
1770 4270 1809 4315 es
1829 4252 1864 4317 in
1886 4272 2009 4338 magna
2030 4254 2185 4332 tristitia,
2218 4255 2350 4340 quando
2371 4268 2472 4341 putas
2493 4265 2529 4319 ta

567 4330 633 4398 boc
655 4335 778 4400 mundo
801 4337 875 4399 sine
896 4333 973 4399 aliis
994 4331 1092 4401 mulis
1120 4347 1155 4401 et
1175 4335 1411 4415 incommodis,
1440 4336 1496 4399 Ei·
1547 4336 1854 4403 esseabiecturna
1879 4350 2081 4405 tatarorum
2104 4351 2238 4419 natura,
2267 4351 2375 4406 tamen
2404 4361 2445 4406 es
2467 4341 2528 4407 do·

510 4436 571 4483 ner
596 4416 706 4490 omn.
735 4440 801 4486 aas
829 4442 864 4486 er
890 4420 998 4500 walle,
1028 4432 1139 4488 umen
1159 4422 1274 4489 incidit
1294 4424 1328 4488 in
1349 4420 1494 4510 aliquam
1546 4418 1701 4487 micilium
1722 4422 1808 4502 Dei,
1842 4421 1970 4492 scilicet
2001 4427 2031 4490 si
2063 4426 2291 4506 invocaveris,
2309 4429 2401 4493 iuxta
2423 4424 2527 4492 illud:

509 4500 705 4572 molestiam,
1518 4507 1663 4601 plavaca
1695 4528 1741 4570 me
1768 4513 1803 4570 in
1835 4512 1888 4572 die
1920 4510 2142 4574 tribulationis.
2209 4510 2270 4577 llla
2302 4513 2427 4600 agnitio
2459 4510 2529 4579 Det

601 4590 717 4656 Potest
749 4593 826 4657 addi
860 4604 894 4656 et
925 4612 965 4657 se
989 4593 1087 4659 timus
1118 4590 1217 4660 locus
1246 4592 1495 4661 Consolationis
1548 4613 1620 4658 com
1646 4588 1778 4661 lectitat·
1809 4599 2039 4662 remissionem
2071 4610 2306 4682 peccatorum,
2340 4610 2373 4663 et
2404 4610 2529 4684 postea

509 4674 790 4761 Philosophiana:
812 4679 900 4765 Spes
929 4615 1038 4744 felicis
1073 4679 1199 4757 exitus;
1230 4682 1293 4746 sed
1325 4679 1382 4746 illa
1413 4701 1495 4766 spes
1547 4615 1715 4760 auxilium,
1736 4677 1792 4746 vel
1814 4685 1880 4746 miti
1907 4685 2059 4749 ationem.
2102 4682 2195 4749 Haec
2217 4697 2311 4751 certo
2333 4683 2434 4751 fiuntc
2474 4685 2527 4751 lo-

510 4774 565 4829 est
586 4766 762 4830 admodum
785 4765 913 4830 ineerta
935 4776 969 4830 et
987 4765 1098 4838 dubia,
1112 4779 1148 4831 ut
1165 4769 1253 4852 apud
1265 4766 1494 4833 Theocritum:
1546 4765 1668 4831 uetitas
1690 4780 1784 4832 certo
1802 4768 1865 4832 scit
1882 4706 1992 4835 ileum
2015 4767 2078 4833 sidi
2100 4770 2245 4850 abesse,
2277 4771 2344 4838 seit
2375 4772 2441 4836 sibi
2473 4792 2526 4838 re-

510 4847 630 4915 Fiderc
656 4850 756 4916 Batte
789 4854 902 4926 decet3
936 4847 1053 4917 melius
1083 4872 1161 4917 cras
1194 4852 1309 4919 forsan
1342 4852 1493 4920 babebis.
1546 4853 1653 4919 missa
1674 4872 1752 4918 esse
1773 4856 1883 4921 omnia
1903 4866 2055 4941 peccata,
2077 4856 2143 4922 scit
2174 4856 2239 4922 sibl
2271 4858 2412 4943 mitigari
2433 4854 2528 4931 illum

509 4934 589 5002 aaa
611 4938 686 4999 ιίιιιί
704 4937 766 5004 alla
787 4939 874 5002 dicre
902 4935 1162 5004 consolationes
1194 4961 1254 5001 aar
1285 4940 1428 5021 ἰάλεμοι,
1461 4940 1496 5005 id
1547 4940 1670 5006 aditam
1694 4939 1736 5004 ad
1753 4952 1907 5026 mortem3
1929 4962 2129 5029 quamquam
2150 4962 2217 5007 non
2229 4945 2419 5010 merebatur
2433 4941 2530 5011 illam

510 5033 572 5103 ost,
595 5025 727 5089 cantica
749 5023 1137 5091 mortuorum21stlrein
1157 5025 1288 5100 accim,
1312 5033 1405 5098 trost,
1426 5026 1498 5109 pidt
1546 5037 1708 5104 mortem,
1743 5027 1831 5092 sicut
1857 5039 1973 5113 pater,
2007 5028 2069 5092 sed
2101 5025 2263 5115 singulari
2296 5027 2438 5097 consilio
2460 5029 2529 5099 Dei

508 5104 582 5170 bein
604 5108 690 5171 kim
711 5110 792 5172 noct
808 5109 933 5189 [ιοιιιὶο.
1546 5108 1700 5176 sublatus
1723 5123 1787 5177 est.
1831 5112 1905 5180 llue
1926 5113 2097 5201 adiungite
2118 5113 2234 5201 plures
2256 5116 2456 5186 sententias:
2477 5128 2527 5199 ut,

1546 5197 1655 5277 Prope
1686 5205 1733 5260 cst
1762 5198 1937 5281 naam,
1970 5200 2109 5263 ommno
2140 5202 2315 5264 ammittas
2340 5223 2382 5270 se.
2426 5202 2527 5273 ltemt

1545 5285 1645 5347 mata
1665 5283 1878 5348 crtDaminae
1893 5285 1954 5372 dir,
1966 5289 2021 5368 qni
2041 5285 2191 5349 tribulato
2211 5296 2284 5350 mat
2300 5289 2407 5351 carde.
2451 5288 2528 5359 liae

1546 5380 1691 5436 testatur
1721 5369 1826 5436 Filius
1848 5369 1923 5438 .Dei
1957 5392 2020 5438 suo
2054 5370 2218 5459 exemplo.
2268 5373 2316 5437 Ει·
2336 5382 2451 5439 trenta
2472 5376 2527 5440 dia

573 5435 824 5524 Christianae
855 5443 1149 5530 consolationes
1180 5473 1286 5558 quae
1316 5444 1437 5530 sunt?
1541 5456 1656 5535 frana,
1678 5466 1711 5522 et
1728 5459 1984 5563 resuscitatione
2006 5457 2081 5543 ipsa
2105 5469 2248 5527 testatur
2267 5460 2527 5546 promissionem

1548 5562 1773 5609 asseverata.

599 5619 776 5693 Addaut'ar
798 5625 898 5694 duraz
929 5625 1065 5716 Agnitio
1092 5628 1305 5717 praesentiae
1325 5624 1393 5696 Dei
1399 5672 1412 5710 ,
1432 5626 1496 5695 dm
1634 5627 1778 5715 Oportet
1798 5639 1908 5696 autem
1925 5629 1992 5697 hae
2012 5633 2176 5700 aacmera
2203 5652 2297 5720 spem
2318 5630 2525 5723 libentionis
