<?xml version="1.0" encoding="UTF-8"?>
<!DOCTYPE html PUBLIC "-//W3C//DTD XHTML 1.0 Transitional//EN"
    "http://www.w3.org/TR/xhtml1/DTD/xhtml1-transitional.dtd">
<html xmlns="http://www.w3.org/1999/xhtml" xml:lang="en" lang="en">
 <head>
  <title>
</title>
<meta http-equiv="Content-Type" content="text/html;charset=utf-8" />
  <meta name='ocr-system' content='tesseract 3.04.00' />
  <meta name='ocr-capabilities' content='ocr_page ocr_carea ocr_par ocr_line ocrx_word'/>
</head>
<body>
  <div class='ocr_page' id='page_1' title='image "./philippimelanth06melagoog/philippimelanth06melagoog_0439.png"; bbox 0 0 5934 6709; ppageno 0'>
   <div class='ocr_carea' id='block_1_1' title="bbox 476 699 2559 775">
    <p class='ocr_par' dir='ltr' id='par_1_1' title="bbox 476 699 2559 775">
     <span class='ocr_line' id='line_1_1' title="bbox 476 699 2559 775; baseline 0.003 -5"><span class='ocrx_word' id='word_1_1' title='bbox 476 701 544 770; x_wconf 74' lang='lat' dir='ltr'><strong>ert</strong></span> <span class='ocrx_word' id='word_1_2' title='bbox 1117 699 1230 769; x_wconf 72' lang='lat' dir='ltr'><strong>rtm.</strong></span> <span class='ocrx_word' id='word_1_3' title='bbox 1250 699 1355 768; x_wconf 72' lang='lat' dir='ltr'><strong>tssta</strong></span> <span class='ocrx_word' id='word_1_4' title='bbox 1376 699 1565 771; x_wconf 75' lang='lat' dir='ltr'><strong>scatere</strong></span> <span class='ocrx_word' id='word_1_5' title='bbox 1587 701 1854 774; x_wconf 71' lang='lat' dir='ltr'><strong>uxeoartca</strong></span> <span class='ocrx_word' id='word_1_6' title='bbox 2429 706 2497 775; x_wconf 79' lang='lat' dir='ltr'><strong>sm</strong></span> <span class='ocrx_word' id='word_1_7' title='bbox 2550 752 2559 761; x_wconf 83' lang='lat'>-</span> 
     </span>
    </p>
   </div>
   <div class='ocr_carea' id='block_1_2' title="bbox 388 887 2496 4337">
    <p class='ocr_par' dir='ltr' id='par_1_2' title="bbox 388 887 2496 4337">
     <span class='ocr_line' id='line_1_2' title="bbox 478 887 2496 984; baseline 0.003 -27"><span class='ocrx_word' id='word_1_8' title='bbox 478 893 615 958; x_wconf 86' lang='lat' dir='ltr'><strong>sitiones</strong></span> <span class='ocrx_word' id='word_1_9' title='bbox 637 891 752 973; x_wconf 74' lang='lat' dir='ltr'><strong>drauff.</strong></span> <span class='ocrx_word' id='word_1_10' title='bbox 795 890 838 957; x_wconf 83' lang='lat' dir='ltr'><strong>Et</strong></span> <span class='ocrx_word' id='word_1_11' title='bbox 858 889 968 978; x_wconf 80' lang='lat' dir='ltr'><strong>Lyra,</strong></span> <span class='ocrx_word' id='word_1_12' title='bbox 1001 903 1034 957; x_wconf 90' lang='lat' dir='ltr'><strong>et</strong></span> <span class='ocrx_word' id='word_1_13' title='bbox 1066 887 1132 970; x_wconf 84' lang='lat' dir='ltr'><strong>alii,</strong></span> <span class='ocrx_word' id='word_1_14' title='bbox 1163 891 1221 976; x_wconf 88' lang='lat' dir='ltr'><strong>qui</strong></span> <span class='ocrx_word' id='word_1_15' title='bbox 1249 901 1328 956; x_wconf 88' lang='lat' dir='ltr'><strong>sunt</strong></span> <span class='ocrx_word' id='word_1_16' title='bbox 1349 892 1457 957; x_wconf 87' lang='lat' dir='ltr'><strong>secuti</strong></span> <span class='ocrx_word' id='word_1_17' title='bbox 1504 892 1607 970; x_wconf 70' lang='lat' dir='ltr'><strong>fidere</strong></span> <span class='ocrx_word' id='word_1_18' title='bbox 1635 891 1675 953; x_wconf 81' lang='lat' dir='ltr'><strong>ad</strong></span> <span class='ocrx_word' id='word_1_19' title='bbox 1707 894 1819 954; x_wconf 75' lang='lat' dir='ltr'><strong>initiae</strong></span> <span class='ocrx_word' id='word_1_20' title='bbox 1851 890 2040 960; x_wconf 86' lang='lat' dir='ltr'><strong>consolatio</strong></span> <span class='ocrx_word' id='word_1_21' title='bbox 2068 910 2149 960; x_wconf 87' lang='lat' dir='ltr'><strong>vero</strong></span> <span class='ocrx_word' id='word_1_22' title='bbox 2178 891 2233 962; x_wconf 84' lang='lat' dir='ltr'><strong>bic</strong></span> <span class='ocrx_word' id='word_1_23' title='bbox 2255 893 2368 984; x_wconf 86' lang='lat' dir='ltr'><strong>aliquo</strong></span> <span class='ocrx_word' id='word_1_24' title='bbox 2390 897 2496 964; x_wconf 88' lang='lat' dir='ltr'><strong>modo</strong></span> 
     </span>
     <span class='ocr_line' id='line_1_3' title="bbox 477 976 2496 1069; baseline 0.002 -26"><span class='ocrx_word' id='word_1_25' title='bbox 477 979 705 1064; x_wconf 80' lang='lat' dir='ltr'><strong>expositiones</strong></span> <span class='ocrx_word' id='word_1_26' title='bbox 739 977 955 1056; x_wconf 84' lang='lat' dir='ltr'><strong>ludaeorum,</strong></span> <span class='ocrx_word' id='word_1_27' title='bbox 987 976 1114 1039; x_wconf 78' lang='lat' dir='ltr'><strong>machaa</strong></span> <span class='ocrx_word' id='word_1_28' title='bbox 1142 976 1265 1038; x_wconf 70' lang='lat' dir='ltr'><strong>relisum</strong></span> <span class='ocrx_word' id='word_1_29' title='bbox 1293 977 1390 1060; x_wconf 70' lang='lat' dir='ltr'><strong>disp,</strong></span> <span class='ocrx_word' id='word_1_30' title='bbox 1423 991 1458 1043; x_wconf 91' lang='lat' dir='ltr'><strong>et</strong></span> <span class='ocrx_word' id='word_1_31' title='bbox 1510 979 1714 1044; x_wconf 89' lang='lat' dir='ltr'><strong>continetur:</strong></span> <span class='ocrx_word' id='word_1_32' title='bbox 1745 978 1846 1042; x_wconf 79' lang='lat' dir='ltr'><strong>Errmt</strong></span> <span class='ocrx_word' id='word_1_33' title='bbox 1868 980 1934 1042; x_wconf 81' lang='lat' dir='ltr'><strong>duo</strong></span> <span class='ocrx_word' id='word_1_34' title='bbox 1955 983 1990 1039; x_wconf 81' lang='lat' dir='ltr'><strong>ia</strong></span> <span class='ocrx_word' id='word_1_35' title='bbox 2010 1001 2109 1062; x_wconf 73' lang='lat' dir='ltr'><strong>apro.-</strong></span> <span class='ocrx_word' id='word_1_36' title='bbox 2140 982 2261 1061; x_wconf 83' lang='lat' dir='ltr'><strong>idest,</strong></span> <span class='ocrx_word' id='word_1_37' title='bbox 2293 988 2356 1048; x_wconf 89' lang='lat' dir='ltr'><strong>erit</strong></span> <span class='ocrx_word' id='word_1_38' title='bbox 2379 983 2496 1069; x_wconf 82' lang='lat' dir='ltr'><strong>aliqua</strong></span> 
     </span>
     <span class='ocr_line' id='line_1_4' title="bbox 479 1062 2496 1152; baseline 0.001 -21"><span class='ocrx_word' id='word_1_39' title='bbox 479 1077 695 1152; x_wconf 80' lang='lat' dir='ltr'><strong>corrumpunt</strong></span> <span class='ocrx_word' id='word_1_40' title='bbox 716 1075 853 1130; x_wconf 86' lang='lat' dir='ltr'><strong>textum.</strong></span> <span class='ocrx_word' id='word_1_41' title='bbox 1510 1063 1572 1129; x_wconf 77' lang='lat' dir='ltr'><strong>Ec(</strong></span> <span class='ocrx_word' id='word_1_42' title='bbox 1583 1062 1676 1129; x_wconf 83' lang='lat' dir='ltr'><strong>lesia.</strong></span> <span class='ocrx_word' id='word_1_43' title='bbox 1722 1063 1820 1130; x_wconf 86' lang='lat' dir='ltr'><strong>Nunc</strong></span> <span class='ocrx_word' id='word_1_44' title='bbox 1842 1066 1980 1150; x_wconf 88' lang='lat' dir='ltr'><strong>primum</strong></span> <span class='ocrx_word' id='word_1_45' title='bbox 2003 1067 2046 1131; x_wconf 86' lang='lat' dir='ltr'><strong>do</strong></span> <span class='ocrx_word' id='word_1_46' title='bbox 2068 1063 2123 1131; x_wconf 86' lang='lat' dir='ltr'><strong>illa</strong></span> <span class='ocrx_word' id='word_1_47' title='bbox 2142 1065 2271 1151; x_wconf 74' lang='lat' dir='ltr'><strong>phrasit</strong></span> <span class='ocrx_word' id='word_1_48' title='bbox 2295 1069 2371 1132; x_wconf 81' lang='lat' dir='ltr'><strong>Cum</strong></span> <span class='ocrx_word' id='word_1_49' title='bbox 2394 1071 2496 1134; x_wconf 70' lang='lat' dir='ltr'><strong>amitt</strong></span> 
     </span>
     <span class='ocr_line' id='line_1_5' title="bbox 1509 1149 2494 1223; baseline 0.013 -13"><span class='ocrx_word' id='word_1_50' title='bbox 1509 1152 1543 1210; x_wconf 84' lang='lat' dir='ltr'><strong>in</strong></span> <span class='ocrx_word' id='word_1_51' title='bbox 1564 1149 1637 1214; x_wconf 67' lang='lat' dir='ltr'><strong>locro</strong></span> <span class='ocrx_word' id='word_1_52' title='bbox 1666 1157 1778 1213; x_wconf 79' lang='lat' dir='ltr'><strong>anneto</strong></span> <span class='ocrx_word' id='word_1_53' title='bbox 1807 1151 2010 1217; x_wconf 80' lang='lat' dir='ltr'><strong>adom&#39;uotio.</strong></span> <span class='ocrx_word' id='word_1_54' title='bbox 2055 1150 2203 1218; x_wconf 85' lang='lat' dir='ltr'><strong>Deducit</strong></span> <span class='ocrx_word' id='word_1_55' title='bbox 2230 1174 2295 1219; x_wconf 82' lang='lat' dir='ltr'><strong>nos</strong></span> <span class='ocrx_word' id='word_1_56' title='bbox 2323 1155 2494 1223; x_wconf 78' lang='lat' dir='ltr'><strong>Dominus</strong></span> 
     </span>
     <span class='ocr_line' id='line_1_6' title="bbox 801 1232 2494 1350; baseline 0.005 -50"><span class='ocrx_word' id='word_1_57' title='bbox 801 1252 896 1350; x_wconf 44' lang='grc' dir='ltr'><em>,ναις</em></span> <span class='ocrx_word' id='word_1_58' title='bbox 924 1254 1027 1349; x_wconf 57' lang='lat' dir='ltr'><strong>hem</strong></span> <span class='ocrx_word' id='word_1_59' title='bbox 1054 1258 1147 1347; x_wconf 49' lang='grc' dir='ltr'><strong>(Μ</strong></span> <span class='ocrx_word' id='word_1_60' title='bbox 1509 1236 1552 1300; x_wconf 89' lang='lat' dir='ltr'><strong>ad</strong></span> <span class='ocrx_word' id='word_1_61' title='bbox 1577 1232 1728 1300; x_wconf 85' lang='lat' dir='ltr'><strong>Danielis</strong></span> <span class='ocrx_word' id='word_1_62' title='bbox 1750 1239 2021 1320; x_wconf 86' lang='lat' dir='ltr'><strong>praedictionem.</strong></span> <span class='ocrx_word' id='word_1_63' title='bbox 2065 1241 2279 1307; x_wconf 75' lang='lat' dir='ltr'><strong>Abominatio</strong></span> <span class='ocrx_word' id='word_1_64' title='bbox 2309 1241 2494 1309; x_wconf 88' lang='lat' dir='ltr'><strong>desolatio·</strong></span> 
     </span>
     <span class='ocr_line' id='line_1_7' title="bbox 1509 1319 2496 1404; baseline 0.013 -20"><span class='ocrx_word' id='word_1_65' title='bbox 1509 1322 1561 1385; x_wconf 88' lang='lat' dir='ltr'><strong>nis</strong></span> <span class='ocrx_word' id='word_1_66' title='bbox 1573 1335 1625 1386; x_wconf 84' lang='lat' dir='ltr'><strong>est</strong></span> <span class='ocrx_word' id='word_1_67' title='bbox 1636 1319 1759 1387; x_wconf 87' lang='lat' dir='ltr'><strong>idolum</strong></span> <span class='ocrx_word' id='word_1_68' title='bbox 1772 1334 1922 1402; x_wconf 79' lang='lat' dir='ltr'><strong>vastans,</strong></span> <span class='ocrx_word' id='word_1_69' title='bbox 1933 1321 2061 1389; x_wconf 84' lang='lat' dir='ltr'><strong>faciens</strong></span> <span class='ocrx_word' id='word_1_70' title='bbox 2072 1323 2335 1404; x_wconf 74' lang='lat' dir='ltr'><strong>desolationen13</strong></span> <span class='ocrx_word' id='word_1_71' title='bbox 2357 1327 2496 1398; x_wconf 77' lang='lat' dir='ltr'><strong>Gracco</strong></span> 
     </span>
     <span class='ocr_line' id='line_1_8' title="bbox 563 1405 2496 1495; baseline 0.005 -21"><span class='ocrx_word' id='word_1_72' title='bbox 563 1406 732 1476; x_wconf 80' lang='lat' dir='ltr'>Cherubin</span> <span class='ocrx_word' id='word_1_73' title='bbox 754 1405 826 1473; x_wconf 88' lang='lat' dir='ltr'><strong>vuit</strong></span> <span class='ocrx_word' id='word_1_74' title='bbox 847 1409 975 1487; x_wconf 91' lang='lat' dir='ltr'><strong>dicere,</strong></span> <span class='ocrx_word' id='word_1_75' title='bbox 1002 1408 1036 1474; x_wconf 91' lang='lat' dir='ltr'><strong>id</strong></span> <span class='ocrx_word' id='word_1_76' title='bbox 1058 1419 1122 1486; x_wconf 86' lang='lat' dir='ltr'><strong>est,</strong></span> <span class='ocrx_word' id='word_1_77' title='bbox 1152 1405 1278 1472; x_wconf 84' lang='lat' dir='ltr'><strong>idolum</strong></span> <span class='ocrx_word' id='word_1_78' title='bbox 1299 1407 1402 1471; x_wconf 88' lang='lat' dir='ltr'><strong>stabit</strong></span> <span class='ocrx_word' id='word_1_79' title='bbox 1422 1407 1456 1471; x_wconf 90' lang='lat' dir='ltr'><strong>in</strong></span> <span class='ocrx_word' id='word_1_80' title='bbox 1508 1408 1698 1472; x_wconf 84' lang='lat' dir='ltr'><strong>nominatur</strong></span> <span class='ocrx_word' id='word_1_81' title='bbox 1728 1408 1879 1491; x_wconf 70' lang='lat' dir='ltr'><strong>ssdaioypa</strong></span> <span class='ocrx_word' id='word_1_82' title='bbox 1910 1414 2094 1495; x_wconf 62' lang='grc' dir='ltr'><strong><em>ὶρᾳμωσεως.</em></strong></span> <span class='ocrx_word' id='word_1_83' title='bbox 2144 1411 2356 1488; x_wconf 74' lang='lat' dir='ltr'><strong>Abominatio,</strong></span> <span class='ocrx_word' id='word_1_84' title='bbox 2392 1427 2496 1483; x_wconf 83' lang='lat' dir='ltr'><strong>esta</strong></span> 
     </span>
     <span class='ocr_line' id='line_1_9' title="bbox 476 1490 2496 1578; baseline 0.002 -17"><span class='ocrx_word' id='word_1_85' title='bbox 476 1494 554 1562; x_wconf 89' lang='lat' dir='ltr'><strong>loco</strong></span> <span class='ocrx_word' id='word_1_86' title='bbox 577 1493 653 1560; x_wconf 89' lang='lat' dir='ltr'><strong>Dei.</strong></span> <span class='ocrx_word' id='word_1_87' title='bbox 698 1495 770 1556; x_wconf 82' lang='lat' dir='ltr'><strong>Dm</strong></span> <span class='ocrx_word' id='word_1_88' title='bbox 790 1497 834 1557; x_wconf 80' lang='lat' dir='ltr'><strong>ist</strong></span> <span class='ocrx_word' id='word_1_89' title='bbox 854 1498 906 1555; x_wconf 83' lang='lat' dir='ltr'><strong>cin</strong></span> <span class='ocrx_word' id='word_1_90' title='bbox 927 1514 1054 1576; x_wconf 65' lang='lat' dir='ltr'><strong>proicer</strong></span> <span class='ocrx_word' id='word_1_91' title='bbox 1074 1498 1201 1556; x_wconf 81' lang='lat' dir='ltr'><strong>inmmer</strong></span> <span class='ocrx_word' id='word_1_92' title='bbox 1221 1495 1254 1558; x_wconf 93' lang='lat' dir='ltr'><strong>in</strong></span> <span class='ocrx_word' id='word_1_93' title='bbox 1278 1495 1344 1557; x_wconf 84' lang='lat' dir='ltr'><strong>isto</strong></span> <span class='ocrx_word' id='word_1_94' title='bbox 1366 1490 1456 1572; x_wconf 89' lang='lat' dir='ltr'><strong>ioco,</strong></span> <span class='ocrx_word' id='word_1_95' title='bbox 1507 1494 1771 1559; x_wconf 90' lang='lat' dir='ltr'><strong>nomincomen:</strong></span> <span class='ocrx_word' id='word_1_96' title='bbox 1795 1497 2255 1578; x_wconf 55' lang='lat' dir='ltr'><strong>abominamentorum,</strong></span> <span class='ocrx_word' id='word_1_97' title='bbox 2278 1499 2496 1574; x_wconf 61' lang='lat' dir='ltr'><strong>redemeris</strong></span> 
     </span>
     <span class='ocr_line' id='line_1_10' title="bbox 475 1577 2495 1667; baseline 0.004 -19"><span class='ocrx_word' id='word_1_98' title='bbox 475 1580 835 1660; x_wconf 87' lang='lat' dir='ltr'><strong>ublcstsedcsDei,</strong></span> <span class='ocrx_word' id='word_1_99' title='bbox 862 1583 1021 1667; x_wconf 90' lang='lat' dir='ltr'><strong>quodibi</strong></span> <span class='ocrx_word' id='word_1_100' title='bbox 1047 1577 1257 1646; x_wconf 90' lang='lat' dir='ltr'><strong>estidoium.</strong></span> <span class='ocrx_word' id='word_1_101' title='bbox 1301 1579 1454 1663; x_wconf 80' lang='lat' dir='ltr'>Regnum</span> <span class='ocrx_word' id='word_1_102' title='bbox 1506 1599 1563 1640; x_wconf 82' lang='lat' dir='ltr'><strong>eor</strong></span> <span class='ocrx_word' id='word_1_103' title='bbox 1584 1582 1680 1643; x_wconf 83' lang='lat' dir='ltr'><strong>einen</strong></span> <span class='ocrx_word' id='word_1_104' title='bbox 1702 1581 1794 1641; x_wconf 82' lang='lat' dir='ltr'><strong>bosca</strong></span> <span class='ocrx_word' id='word_1_105' title='bbox 1811 1581 1956 1643; x_wconf 81' lang='lat' dir='ltr'><strong>Zcicfreri.</strong></span> <span class='ocrx_word' id='word_1_106' title='bbox 1987 1582 2140 1650; x_wconf 89' lang='lat' dir='ltr'><strong>Latinum</strong></span> <span class='ocrx_word' id='word_1_107' title='bbox 2157 1584 2358 1652; x_wconf 86' lang='lat' dir='ltr'><strong>vocabulum</strong></span> <span class='ocrx_word' id='word_1_108' title='bbox 2381 1590 2495 1656; x_wconf 79' lang='lat' dir='ltr'><strong>minua</strong></span> 
     </span>
     <span class='ocr_line' id='line_1_11' title="bbox 474 1665 2495 1755; baseline 0.004 -22"><span class='ocrx_word' id='word_1_109' title='bbox 474 1665 690 1754; x_wconf 89' lang='lat' dir='ltr'><strong>pontificium,</strong></span> <span class='ocrx_word' id='word_1_110' title='bbox 715 1669 806 1753; x_wconf 90' lang='lat' dir='ltr'><strong>quod</strong></span> <span class='ocrx_word' id='word_1_111' title='bbox 828 1669 973 1733; x_wconf 79' lang='lat' dir='ltr'><strong>debebat</strong></span> <span class='ocrx_word' id='word_1_112' title='bbox 995 1687 1073 1733; x_wconf 89' lang='lat' dir='ltr'><strong>csse</strong></span> <span class='ocrx_word' id='word_1_113' title='bbox 1094 1668 1196 1731; x_wconf 89' lang='lat' dir='ltr'><strong>sedes</strong></span> <span class='ocrx_word' id='word_1_114' title='bbox 1218 1665 1302 1744; x_wconf 86' lang='lat' dir='ltr'><strong>Dei,</strong></span> <span class='ocrx_word' id='word_1_115' title='bbox 1331 1678 1383 1730; x_wconf 89' lang='lat' dir='ltr'><strong>est</strong></span> <span class='ocrx_word' id='word_1_116' title='bbox 1405 1685 1455 1728; x_wconf 91' lang='lat' dir='ltr'><strong>re·</strong></span> <span class='ocrx_word' id='word_1_117' title='bbox 1507 1666 1614 1730; x_wconf 86' lang='lat' dir='ltr'><strong>reddit</strong></span> <span class='ocrx_word' id='word_1_118' title='bbox 1636 1668 1702 1731; x_wconf 86' lang='lat' dir='ltr'><strong>rim</strong></span> <span class='ocrx_word' id='word_1_119' title='bbox 1724 1666 1877 1733; x_wconf 86' lang='lat' dir='ltr'><strong>Hebraea</strong></span> <span class='ocrx_word' id='word_1_120' title='bbox 1900 1670 2012 1748; x_wconf 87' lang='lat' dir='ltr'><strong>vocis,</strong></span> <span class='ocrx_word' id='word_1_121' title='bbox 2034 1690 2133 1755; x_wconf 88' lang='lat' dir='ltr'><strong>quum</strong></span> <span class='ocrx_word' id='word_1_122' title='bbox 2155 1669 2333 1738; x_wconf 88' lang='lat' dir='ltr'><strong>Graecum.</strong></span> <span class='ocrx_word' id='word_1_123' title='bbox 2379 1673 2495 1741; x_wconf 74' lang='lat' dir='ltr'><strong>voca·</strong></span> 
     </span>
     <span class='ocr_line' id='line_1_12' title="bbox 475 1748 2493 1842; baseline 0.005 -25"><span class='ocrx_word' id='word_1_124' title='bbox 475 1757 577 1840; x_wconf 76' lang='lat' dir='ltr'><strong>gnum</strong></span> <span class='ocrx_word' id='word_1_125' title='bbox 600 1751 677 1834; x_wconf 90' lang='lat' dir='ltr'><strong>tale,</strong></span> <span class='ocrx_word' id='word_1_126' title='bbox 700 1755 789 1839; x_wconf 91' lang='lat' dir='ltr'><strong>quod</strong></span> <span class='ocrx_word' id='word_1_127' title='bbox 820 1765 873 1819; x_wconf 86' lang='lat' dir='ltr'><strong>est</strong></span> <span class='ocrx_word' id='word_1_128' title='bbox 899 1755 973 1819; x_wconf 89' lang='lat' dir='ltr'><strong>sine</strong></span> <span class='ocrx_word' id='word_1_129' title='bbox 999 1754 1153 1818; x_wconf 81' lang='lat' dir='ltr'><strong>doctrina</strong></span> <span class='ocrx_word' id='word_1_130' title='bbox 1182 1773 1262 1819; x_wconf 81' lang='lat' dir='ltr'><strong>vcra</strong></span> <span class='ocrx_word' id='word_1_131' title='bbox 1289 1752 1331 1817; x_wconf 85' lang='lat' dir='ltr'><strong>de</strong></span> <span class='ocrx_word' id='word_1_132' title='bbox 1352 1748 1454 1816; x_wconf 73' lang='lat' dir='ltr'><strong>Filios</strong></span> <span class='ocrx_word' id='word_1_133' title='bbox 1508 1749 1620 1816; x_wconf 92' lang='lat' dir='ltr'><strong>bulum</strong></span> <span class='ocrx_word' id='word_1_134' title='bbox 1643 1751 1829 1818; x_wconf 79' lang='lat' dir='ltr'><strong>Hebraeum</strong></span> <span class='ocrx_word' id='word_1_135' title='bbox 1846 1755 2013 1842; x_wconf 79' lang='lat' dir='ltr'><strong>significat</strong></span> <span class='ocrx_word' id='word_1_136' title='bbox 2024 1776 2195 1837; x_wconf 87' lang='lat' dir='ltr'><strong>nauseam,</strong></span> <span class='ocrx_word' id='word_1_137' title='bbox 2208 1755 2390 1833; x_wconf 86' lang='lat' dir='ltr'><strong>fastidium,</strong></span> <span class='ocrx_word' id='word_1_138' title='bbox 2401 1781 2493 1828; x_wconf 87' lang='lat' dir='ltr'><strong>com·</strong></span> 
     </span>
     <span class='ocr_line' id='line_1_13' title="bbox 474 1839 2492 1930; baseline 0.004 -25"><span class='ocrx_word' id='word_1_139' title='bbox 474 1841 540 1906; x_wconf 90' lang='lat' dir='ltr'><strong>imo</strong></span> <span class='ocrx_word' id='word_1_140' title='bbox 562 1841 652 1925; x_wconf 91' lang='lat' dir='ltr'><strong>quod</strong></span> <span class='ocrx_word' id='word_1_141' title='bbox 669 1841 879 1904; x_wconf 86' lang='lat' dir='ltr'><strong>abominatur</strong></span> <span class='ocrx_word' id='word_1_142' title='bbox 901 1840 989 1904; x_wconf 88' lang='lat' dir='ltr'><strong>hanc</strong></span> <span class='ocrx_word' id='word_1_143' title='bbox 1006 1840 1203 1917; x_wconf 89' lang='lat' dir='ltr'><strong>doctrinam,</strong></span> <span class='ocrx_word' id='word_1_144' title='bbox 1225 1839 1316 1924; x_wconf 87' lang='lat' dir='ltr'><strong>quod</strong></span> <span class='ocrx_word' id='word_1_145' title='bbox 1338 1855 1453 1903; x_wconf 86' lang='lat' dir='ltr'><strong>sumus</strong></span> <span class='ocrx_word' id='word_1_146' title='bbox 1505 1839 1684 1903; x_wconf 91' lang='lat' dir='ltr'><strong>motionem</strong></span> <span class='ocrx_word' id='word_1_147' title='bbox 1708 1841 1859 1925; x_wconf 85' lang='lat' dir='ltr'><strong>corporis</strong></span> <span class='ocrx_word' id='word_1_148' title='bbox 1881 1839 2093 1908; x_wconf 87' lang='lat' dir='ltr'><strong>abhorrentis</strong></span> <span class='ocrx_word' id='word_1_149' title='bbox 2114 1841 2237 1928; x_wconf 86' lang='lat' dir='ltr'><strong>aliquid</strong></span> <span class='ocrx_word' id='word_1_150' title='bbox 2260 1858 2401 1930; x_wconf 90' lang='lat' dir='ltr'><strong>propter</strong></span> <span class='ocrx_word' id='word_1_151' title='bbox 2421 1844 2492 1914; x_wconf 85' lang='lat' dir='ltr'><strong>foe·</strong></span> 
     </span>
     <span class='ocr_line' id='line_1_14' title="bbox 473 1923 2491 2019; baseline 0.003 -26"><span class='ocrx_word' id='word_1_152' title='bbox 473 1927 552 1993; x_wconf 89' lang='lat' dir='ltr'><strong>iusti</strong></span> <span class='ocrx_word' id='word_1_153' title='bbox 577 1937 714 2011; x_wconf 83' lang='lat' dir='ltr'><strong>propter</strong></span> <span class='ocrx_word' id='word_1_154' title='bbox 735 1924 854 1991; x_wconf 87' lang='lat' dir='ltr'><strong>Filium</strong></span> <span class='ocrx_word' id='word_1_155' title='bbox 876 1924 952 2005; x_wconf 87' lang='lat' dir='ltr'><strong>Dei,</strong></span> <span class='ocrx_word' id='word_1_156' title='bbox 986 1937 1019 1991; x_wconf 88' lang='lat' dir='ltr'><strong>et</strong></span> <span class='ocrx_word' id='word_1_157' title='bbox 1095 1946 1111 1989; x_wconf 90' lang='lat' dir='ltr'><strong>r</strong></span> <span class='ocrx_word' id='word_1_158' title='bbox 1139 1944 1180 1989; x_wconf 88' lang='lat' dir='ltr'><strong>ac</strong></span> <span class='ocrx_word' id='word_1_159' title='bbox 1213 1938 1350 2010; x_wconf 86' lang='lat' dir='ltr'><strong>propter</strong></span> <span class='ocrx_word' id='word_1_160' title='bbox 1378 1944 1453 1988; x_wconf 88' lang='lat' dir='ltr'><strong>enm</strong></span> <span class='ocrx_word' id='word_1_161' title='bbox 1506 1923 1656 1989; x_wconf 80' lang='lat' dir='ltr'><strong>ditatcm:</strong></span> <span class='ocrx_word' id='word_1_162' title='bbox 1690 1936 1737 2005; x_wconf 93' lang='lat' dir='ltr'><strong>ut,</strong></span> <span class='ocrx_word' id='word_1_163' title='bbox 1769 1928 1800 1990; x_wconf 90' lang='lat' dir='ltr'><strong>si</strong></span> <span class='ocrx_word' id='word_1_164' title='bbox 1830 1941 2075 2012; x_wconf 87' lang='lat' dir='ltr'><strong>proponeretur</strong></span> <span class='ocrx_word' id='word_1_165' title='bbox 2107 1927 2206 1995; x_wconf 84' lang='lat' dir='ltr'><strong>alicui</strong></span> <span class='ocrx_word' id='word_1_166' title='bbox 2234 1932 2268 1995; x_wconf 92' lang='lat' dir='ltr'><strong>in</strong></span> <span class='ocrx_word' id='word_1_167' title='bbox 2290 1935 2406 2016; x_wconf 87' lang='lat' dir='ltr'><strong>patina</strong></span> <span class='ocrx_word' id='word_1_168' title='bbox 2427 1953 2491 2019; x_wconf 81' lang='lat' dir='ltr'><strong>pro</strong></span> 
     </span>
     <span class='ocr_line' id='line_1_15' title="bbox 474 2008 2490 2097; baseline 0.004 -19"><span class='ocrx_word' id='word_1_169' title='bbox 474 2008 1002 2078; x_wconf 76' lang='lat' dir='ltr'><strong>vivificamuracsanctificemur.</strong></span> <span class='ocrx_word' id='word_1_170' title='bbox 1065 2032 1107 2076; x_wconf 93' lang='lat' dir='ltr'><strong>on</strong></span> <span class='ocrx_word' id='word_1_171' title='bbox 1123 2011 1278 2076; x_wconf 77' lang='lat' dir='ltr'><strong>dicimus:</strong></span> <span class='ocrx_word' id='word_1_172' title='bbox 1301 2031 1367 2076; x_wconf 93' lang='lat' dir='ltr'><strong>non</strong></span> <span class='ocrx_word' id='word_1_173' title='bbox 1382 2009 1454 2073; x_wconf 85' lang='lat' dir='ltr'><strong>fieri</strong></span> <span class='ocrx_word' id='word_1_174' title='bbox 1506 2012 1583 2074; x_wconf 89' lang='lat' dir='ltr'><strong>cibo</strong></span> <span class='ocrx_word' id='word_1_175' title='bbox 1617 2022 1739 2077; x_wconf 83' lang='lat' dir='ltr'><strong>tetrum</strong></span> <span class='ocrx_word' id='word_1_176' title='bbox 1772 2022 1918 2093; x_wconf 88' lang='lat' dir='ltr'><strong>stercus,</strong></span> <span class='ocrx_word' id='word_1_177' title='bbox 1948 2014 2087 2080; x_wconf 88' lang='lat' dir='ltr'><strong>baberet</strong></span> <span class='ocrx_word' id='word_1_178' title='bbox 2118 2035 2292 2097; x_wconf 87' lang='lat' dir='ltr'><strong>nauseam,</strong></span> <span class='ocrx_word' id='word_1_179' title='bbox 2319 2021 2490 2086; x_wconf 84' lang='lat' dir='ltr'><strong>abomina-</strong></span> 
     </span>
     <span class='ocr_line' id='line_1_16' title="bbox 474 2096 1609 2176; baseline -0.002 -14"><span class='ocrx_word' id='word_1_180' title='bbox 474 2098 726 2163; x_wconf 84' lang='lat' dir='ltr'><strong>renovationem</strong></span> <span class='ocrx_word' id='word_1_181' title='bbox 745 2098 780 2162; x_wconf 91' lang='lat' dir='ltr'><strong>in</strong></span> <span class='ocrx_word' id='word_1_182' title='bbox 802 2097 948 2164; x_wconf 73' lang='lat' dir='ltr'><strong>frontinae</strong></span> <span class='ocrx_word' id='word_1_183' title='bbox 969 2099 1035 2163; x_wconf 82' lang='lat' dir='ltr'><strong>imo</strong></span> <span class='ocrx_word' id='word_1_184' title='bbox 1056 2099 1197 2162; x_wconf 75' lang='lat' dir='ltr'><strong>maxime</strong></span> <span class='ocrx_word' id='word_1_185' title='bbox 1219 2098 1372 2176; x_wconf 80' lang='lat' dir='ltr'><strong>dicimus,</strong></span> <span class='ocrx_word' id='word_1_186' title='bbox 1387 2096 1453 2160; x_wconf 83' lang='lat' dir='ltr'><strong>fida</strong></span> <span class='ocrx_word' id='word_1_187' title='bbox 1505 2108 1609 2162; x_wconf 87' lang='lat' dir='ltr'><strong>retur.</strong></span> 
     </span>
     <span class='ocr_line' id='line_1_17' title="bbox 474 2181 1454 2268; baseline -0.004 -19"><span class='ocrx_word' id='word_1_188' title='bbox 474 2183 582 2268; x_wconf 80' lang='lat' dir='ltr'><strong>accipi</strong></span> <span class='ocrx_word' id='word_1_189' title='bbox 598 2184 829 2250; x_wconf 78' lang='lat' dir='ltr'><strong>remissionem</strong></span> <span class='ocrx_word' id='word_1_190' title='bbox 845 2196 1071 2268; x_wconf 91' lang='lat' dir='ltr'><strong>peccatorum,</strong></span> <span class='ocrx_word' id='word_1_191' title='bbox 1084 2181 1200 2248; x_wconf 87' lang='lat' dir='ltr'><strong>Filium</strong></span> <span class='ocrx_word' id='word_1_192' title='bbox 1215 2181 1279 2248; x_wconf 85' lang='lat' dir='ltr'><strong>Dei</strong></span> <span class='ocrx_word' id='word_1_193' title='bbox 1302 2185 1333 2247; x_wconf 92' lang='lat' dir='ltr'><strong>in</strong></span> <span class='ocrx_word' id='word_1_194' title='bbox 1354 2182 1454 2247; x_wconf 87' lang='lat' dir='ltr'><strong>nobis</strong></span> 
     </span>
     <span class='ocr_line' id='line_1_18' title="bbox 473 2268 2248 2381; baseline -0.002 -47"><span class='ocrx_word' id='word_1_195' title='bbox 473 2268 627 2335; x_wconf 89' lang='lat' dir='ltr'><strong>babitare</strong></span> <span class='ocrx_word' id='word_1_196' title='bbox 640 2271 758 2354; x_wconf 88' lang='lat' dir='ltr'><strong>spirito</strong></span> <span class='ocrx_word' id='word_1_197' title='bbox 772 2290 847 2335; x_wconf 87' lang='lat' dir='ltr'><strong>suo.</strong></span> <span class='ocrx_word' id='word_1_198' title='bbox 869 2270 943 2336; x_wconf 88' lang='lat' dir='ltr'><strong>lloc</strong></span> <span class='ocrx_word' id='word_1_199' title='bbox 955 2282 1080 2336; x_wconf 86' lang='lat' dir='ltr'><strong>certum</strong></span> <span class='ocrx_word' id='word_1_200' title='bbox 1093 2280 1157 2346; x_wconf 87' lang='lat' dir='ltr'><strong>est,</strong></span> <span class='ocrx_word' id='word_1_201' title='bbox 1168 2270 1257 2356; x_wconf 87' lang='lat' dir='ltr'><strong>quod</strong></span> <span class='ocrx_word' id='word_1_202' title='bbox 1271 2269 1371 2334; x_wconf 89' lang='lat' dir='ltr'><strong>bomo</strong></span> <span class='ocrx_word' id='word_1_203' title='bbox 1385 2289 1453 2332; x_wconf 91' lang='lat' dir='ltr'><strong>cre·</strong></span> <span class='ocrx_word' id='word_1_204' title='bbox 1502 2352 1505 2359; x_wconf 16' lang='lat' dir='ltr'><em>A</em></span> <span class='ocrx_word' id='word_1_205' title='bbox 1742 2292 1864 2376; x_wconf 73' lang='lat' dir='ltr'><strong>Unde</strong></span> <span class='ocrx_word' id='word_1_206' title='bbox 1896 2293 2042 2377; x_wconf 67' lang='lat' dir='ltr'><strong>dicitur</strong></span> <span class='ocrx_word' id='word_1_207' title='bbox 2072 2297 2248 2381; x_wconf 59' lang='lat' dir='ltr'><strong>nauseaog</strong></span> 
     </span>
     <span class='ocr_line' id='line_1_19' title="bbox 473 2353 2244 2441; baseline -0.002 -20"><span class='ocrx_word' id='word_1_208' title='bbox 473 2357 559 2421; x_wconf 88' lang='lat' dir='ltr'><strong>dens</strong></span> <span class='ocrx_word' id='word_1_209' title='bbox 576 2358 620 2420; x_wconf 88' lang='lat' dir='ltr'><strong>sit</strong></span> <span class='ocrx_word' id='word_1_210' title='bbox 638 2354 838 2422; x_wconf 84' lang='lat' dir='ltr'><strong>domicilium</strong></span> <span class='ocrx_word' id='word_1_211' title='bbox 865 2355 948 2436; x_wconf 86' lang='lat' dir='ltr'><strong>Dei,</strong></span> <span class='ocrx_word' id='word_1_212' title='bbox 970 2359 1032 2422; x_wconf 89' lang='lat' dir='ltr'><strong>sed</strong></span> <span class='ocrx_word' id='word_1_213' title='bbox 1062 2368 1196 2441; x_wconf 81' lang='lat' dir='ltr'><strong>oportet</strong></span> <span class='ocrx_word' id='word_1_214' title='bbox 1225 2366 1339 2421; x_wconf 88' lang='lat' dir='ltr'><strong>tenere</strong></span> <span class='ocrx_word' id='word_1_215' title='bbox 1365 2353 1454 2419; x_wconf 89' lang='lat' dir='ltr'><strong>bano</strong></span> <span class='ocrx_word' id='word_1_216' title='bbox 2235 2361 2244 2383; x_wconf 80' lang='lat'><em>⁰</em></span> 
     </span>
     <span class='ocr_line' id='line_1_20' title="bbox 471 2437 2488 2529; baseline 0.002 -21"><span class='ocrx_word' id='word_1_217' title='bbox 471 2441 749 2524; x_wconf 81' lang='lat' dir='ltr'><strong>consolationem,</strong></span> <span class='ocrx_word' id='word_1_218' title='bbox 761 2444 851 2529; x_wconf 86' lang='lat' dir='ltr'><strong>quod</strong></span> <span class='ocrx_word' id='word_1_219' title='bbox 863 2441 999 2529; x_wconf 87' lang='lat' dir='ltr'><strong>placeas</strong></span> <span class='ocrx_word' id='word_1_220' title='bbox 1014 2456 1152 2529; x_wconf 89' lang='lat' dir='ltr'><strong>propter</strong></span> <span class='ocrx_word' id='word_1_221' title='bbox 1165 2440 1283 2508; x_wconf 87' lang='lat' dir='ltr'><strong>Filium</strong></span> <span class='ocrx_word' id='word_1_222' title='bbox 1296 2441 1360 2506; x_wconf 88' lang='lat' dir='ltr'><strong>Dei</strong></span> <span class='ocrx_word' id='word_1_223' title='bbox 1376 2441 1453 2505; x_wconf 82' lang='lat' dir='ltr'><strong>fide.</strong></span> <span class='ocrx_word' id='word_1_224' title='bbox 1592 2437 1655 2504; x_wconf 84' lang='lat' dir='ltr'><strong>Est</strong></span> <span class='ocrx_word' id='word_1_225' title='bbox 1676 2459 1718 2503; x_wconf 88' lang='lat' dir='ltr'><strong>ex</strong></span> <span class='ocrx_word' id='word_1_226' title='bbox 1740 2438 1872 2506; x_wconf 85' lang='lat' dir='ltr'><strong>Graeco</strong></span> <span class='ocrx_word' id='word_1_227' title='bbox 1901 2443 2033 2522; x_wconf 75' lang='grc' dir='ltr'><strong>ναυτιᾶν,</strong></span> <span class='ocrx_word' id='word_1_228' title='bbox 2062 2464 2084 2508; x_wconf 89' lang='lat' dir='ltr'><strong>a</strong></span> <span class='ocrx_word' id='word_1_229' title='bbox 2105 2447 2236 2511; x_wconf 89' lang='lat' dir='ltr'><strong>sentina</strong></span> <span class='ocrx_word' id='word_1_230' title='bbox 2263 2448 2297 2514; x_wconf 92' lang='lat' dir='ltr'><strong>in</strong></span> <span class='ocrx_word' id='word_1_231' title='bbox 2327 2452 2488 2517; x_wconf 75' lang='lat' dir='ltr'><strong>naribusz</strong></span> 
     </span>
     <span class='ocr_line' id='line_1_21' title="bbox 473 2525 2489 2614; baseline 0.003 -18"><span class='ocrx_word' id='word_1_232' title='bbox 473 2525 534 2596; x_wconf 92' lang='lat' dir='ltr'><strong>llla</strong></span> <span class='ocrx_word' id='word_1_233' title='bbox 555 2540 625 2594; x_wconf 89' lang='lat' dir='ltr'><strong>tote</strong></span> <span class='ocrx_word' id='word_1_234' title='bbox 649 2530 804 2594; x_wconf 84' lang='lat' dir='ltr'><strong>doctrina</strong></span> <span class='ocrx_word' id='word_1_235' title='bbox 821 2528 1049 2602; x_wconf 84' lang='lat' dir='ltr'><strong>conculcatur,</strong></span> <span class='ocrx_word' id='word_1_236' title='bbox 1061 2530 1181 2594; x_wconf 92' lang='lat' dir='ltr'><strong>deinde</strong></span> <span class='ocrx_word' id='word_1_237' title='bbox 1192 2528 1302 2614; x_wconf 89' lang='lat' dir='ltr'><strong>palam</strong></span> <span class='ocrx_word' id='word_1_238' title='bbox 1313 2526 1456 2593; x_wconf 76' lang='lat' dir='ltr'><strong>idolola·&#39;</strong></span> <span class='ocrx_word' id='word_1_239' title='bbox 1504 2526 1574 2587; x_wconf 84' lang='lat' dir='ltr'><strong>Der</strong></span> <span class='ocrx_word' id='word_1_240' title='bbox 1595 2525 1702 2598; x_wconf 72' lang='lat' dir='ltr'><strong>creet,</strong></span> <span class='ocrx_word' id='word_1_241' title='bbox 1735 2526 1882 2588; x_wconf 76' lang='lat' dir='ltr'><strong>tierrici</strong></span> <span class='ocrx_word' id='word_1_242' title='bbox 1911 2529 2021 2592; x_wconf 80' lang='lat' dir='ltr'><strong>ramici</strong></span> <span class='ocrx_word' id='word_1_243' title='bbox 2053 2538 2147 2592; x_wconf 76' lang='lat' dir='ltr'><strong>tanton</strong></span> <span class='ocrx_word' id='word_1_244' title='bbox 2173 2532 2207 2596; x_wconf 89' lang='lat' dir='ltr'><strong>in</strong></span> <span class='ocrx_word' id='word_1_245' title='bbox 2235 2537 2399 2614; x_wconf 79' lang='lat' dir='ltr'><strong>navibus,</strong></span> <span class='ocrx_word' id='word_1_246' title='bbox 2432 2538 2489 2600; x_wconf 75' lang='lat' dir='ltr'><strong>der</strong></span> 
     </span>
     <span class='ocr_line' id='line_1_22' title="bbox 471 2611 2488 2704; baseline 0.004 -24"><span class='ocrx_word' id='word_1_247' title='bbox 471 2615 540 2680; x_wconf 82' lang='lat' dir='ltr'><strong>tria</strong></span> <span class='ocrx_word' id='word_1_248' title='bbox 560 2615 594 2679; x_wconf 95' lang='lat' dir='ltr'><strong>in</strong></span> <span class='ocrx_word' id='word_1_249' title='bbox 617 2636 658 2682; x_wconf 85' lang='lat' dir='ltr'><strong>eo</strong></span> <span class='ocrx_word' id='word_1_250' title='bbox 684 2634 789 2702; x_wconf 83' lang='lat' dir='ltr'><strong>regno</strong></span> <span class='ocrx_word' id='word_1_251' title='bbox 817 2629 1005 2696; x_wconf 78' lang='lat' dir='ltr'><strong>excreetur,</strong></span> <span class='ocrx_word' id='word_1_252' title='bbox 1025 2619 1059 2682; x_wconf 92' lang='lat' dir='ltr'><strong>in</strong></span> <span class='ocrx_word' id='word_1_253' title='bbox 1076 2617 1284 2682; x_wconf 85' lang='lat' dir='ltr'><strong>invocatione</strong></span> <span class='ocrx_word' id='word_1_254' title='bbox 1299 2627 1454 2680; x_wconf 88' lang='lat' dir='ltr'><strong>mortuo·</strong></span> <span class='ocrx_word' id='word_1_255' title='bbox 1504 2611 1586 2674; x_wconf 69' lang='lat' dir='ltr'><strong>dciii</strong></span> <span class='ocrx_word' id='word_1_256' title='bbox 1607 2614 1748 2679; x_wconf 84' lang='lat' dir='ltr'><strong>sentina.</strong></span> <span class='ocrx_word' id='word_1_257' title='bbox 1796 2612 1944 2679; x_wconf 83' lang='lat' dir='ltr'><strong>Verbum</strong></span> <span class='ocrx_word' id='word_1_258' title='bbox 1967 2618 2086 2681; x_wconf 75' lang='grc' dir='ltr'><strong>ναυτιᾶν</strong></span> <span class='ocrx_word' id='word_1_259' title='bbox 2113 2618 2281 2704; x_wconf 84' lang='lat' dir='ltr'><strong>significat</strong></span> <span class='ocrx_word' id='word_1_260' title='bbox 2303 2624 2488 2689; x_wconf 89' lang='lat' dir='ltr'><strong>abhorrere</strong></span> 
     </span>
     <span class='ocr_line' id='line_1_23' title="bbox 470 2696 2486 2788; baseline -0 -24"><span class='ocrx_word' id='word_1_261' title='bbox 470 2721 548 2770; x_wconf 89' lang='lat' dir='ltr'><strong>rum</strong></span> <span class='ocrx_word' id='word_1_262' title='bbox 570 2713 783 2779; x_wconf 89' lang='lat' dir='ltr'><strong>sanctorum,</strong></span> <span class='ocrx_word' id='word_1_263' title='bbox 809 2700 986 2781; x_wconf 92' lang='lat' dir='ltr'><strong>idolorum,</strong></span> <span class='ocrx_word' id='word_1_264' title='bbox 1018 2715 1053 2768; x_wconf 92' lang='lat' dir='ltr'><strong>et</strong></span> <span class='ocrx_word' id='word_1_265' title='bbox 1072 2698 1305 2788; x_wconf 78' lang='lat' dir='ltr'><strong>profanatione</strong></span> <span class='ocrx_word' id='word_1_266' title='bbox 1327 2720 1453 2766; x_wconf 88' lang='lat' dir='ltr'><strong>coenae</strong></span> <span class='ocrx_word' id='word_1_267' title='bbox 1504 2702 1547 2764; x_wconf 89' lang='lat' dir='ltr'><strong>ab</strong></span> <span class='ocrx_word' id='word_1_268' title='bbox 1566 2696 1624 2763; x_wconf 89' lang='lat' dir='ltr'><strong>iila</strong></span> <span class='ocrx_word' id='word_1_269' title='bbox 1645 2702 1788 2778; x_wconf 87' lang='lat' dir='ltr'><strong>sentino,</strong></span> <span class='ocrx_word' id='word_1_270' title='bbox 1809 2702 1867 2760; x_wconf 80' lang='lat' dir='ltr'><strong>wir</strong></span> <span class='ocrx_word' id='word_1_271' title='bbox 1887 2700 2057 2765; x_wconf 75' lang='lat' dir='ltr'><strong>Schwaben</strong></span> <span class='ocrx_word' id='word_1_272' title='bbox 2076 2703 2175 2766; x_wconf 77' lang='lat' dir='ltr'><strong>laben</strong></span> <span class='ocrx_word' id='word_1_273' title='bbox 2196 2708 2248 2765; x_wconf 80' lang='lat' dir='ltr'><strong>eia</strong></span> <span class='ocrx_word' id='word_1_274' title='bbox 2267 2708 2486 2777; x_wconf 61' lang='lat' dir='ltr'><strong>vocabulum</strong></span> 
     </span>
     <span class='ocr_line' id='line_1_24' title="bbox 473 2784 2487 2873; baseline 0.003 -22"><span class='ocrx_word' id='word_1_275' title='bbox 473 2784 610 2851; x_wconf 90' lang='lat' dir='ltr'><strong>Domini</strong></span> <span class='ocrx_word' id='word_1_276' title='bbox 633 2807 720 2873; x_wconf 89' lang='lat' dir='ltr'><strong>quae</strong></span> <span class='ocrx_word' id='word_1_277' title='bbox 741 2789 783 2852; x_wconf 91' lang='lat' dir='ltr'><strong>ab</strong></span> <span class='ocrx_word' id='word_1_278' title='bbox 806 2789 882 2872; x_wconf 82' lang='lat' dir='ltr'><strong>ipso</strong></span> <span class='ocrx_word' id='word_1_279' title='bbox 904 2785 989 2853; x_wconf 84' lang='lat' dir='ltr'><strong>Filio</strong></span> <span class='ocrx_word' id='word_1_280' title='bbox 1006 2787 1071 2854; x_wconf 91' lang='lat' dir='ltr'><strong>Dei</strong></span> <span class='ocrx_word' id='word_1_281' title='bbox 1093 2788 1243 2853; x_wconf 90' lang='lat' dir='ltr'><strong>instituta</strong></span> <span class='ocrx_word' id='word_1_282' title='bbox 1264 2798 1330 2868; x_wconf 89' lang='lat' dir='ltr'><strong>est,</strong></span> <span class='ocrx_word' id='word_1_283' title='bbox 1351 2799 1387 2851; x_wconf 94' lang='lat' dir='ltr'><strong>ut</strong></span> <span class='ocrx_word' id='word_1_284' title='bbox 1398 2807 1454 2870; x_wconf 91' lang='lat' dir='ltr'><strong>ap·</strong></span> <span class='ocrx_word' id='word_1_285' title='bbox 1504 2804 1652 2863; x_wconf 87' lang='lat' dir='ltr'><strong>vomere,</strong></span> <span class='ocrx_word' id='word_1_286' title='bbox 1674 2785 1735 2846; x_wconf 77' lang='lat' dir='ltr'><strong>das</strong></span> <span class='ocrx_word' id='word_1_287' title='bbox 1756 2804 1873 2846; x_wconf 67' lang='lat' dir='ltr'><strong>viennen</strong></span> <span class='ocrx_word' id='word_1_288' title='bbox 1895 2790 1952 2850; x_wconf 80' lang='lat' dir='ltr'><strong>aoir</strong></span> <span class='ocrx_word' id='word_1_289' title='bbox 1972 2788 2093 2861; x_wconf 75' lang='lat' dir='ltr'><strong>letzem</strong></span> <span class='ocrx_word' id='word_1_290' title='bbox 2116 2802 2169 2855; x_wconf 91' lang='lat' dir='ltr'><strong>est</strong></span> <span class='ocrx_word' id='word_1_291' title='bbox 2192 2791 2399 2872; x_wconf 82' lang='lat' dir='ltr'><strong>Hebraeum,</strong></span> <span class='ocrx_word' id='word_1_292' title='bbox 2424 2795 2487 2857; x_wconf 78' lang='lat' dir='ltr'><strong>aad</strong></span> 
     </span>
     <span class='ocr_line' id='line_1_25' title="bbox 496 2869 2487 2964; baseline 0.004 -29"><span class='ocrx_word' id='word_1_293' title='bbox 496 2869 609 2938; x_wconf 91' lang='lat' dir='ltr'><strong>licitur</strong></span> <span class='ocrx_word' id='word_1_294' title='bbox 630 2873 728 2938; x_wconf 90' lang='lat' dir='ltr'><strong>nobis</strong></span> <span class='ocrx_word' id='word_1_295' title='bbox 751 2875 969 2953; x_wconf 78' lang='lat' dir='ltr'><strong>sumentibus,</strong></span> <span class='ocrx_word' id='word_1_296' title='bbox 991 2886 1025 2941; x_wconf 90' lang='lat' dir='ltr'><strong>et</strong></span> <span class='ocrx_word' id='word_1_297' title='bbox 1048 2875 1091 2939; x_wconf 90' lang='lat' dir='ltr'><strong>sit</strong></span> <span class='ocrx_word' id='word_1_298' title='bbox 1108 2874 1342 2951; x_wconf 89' lang='lat' dir='ltr'><strong>testimonium,</strong></span> <span class='ocrx_word' id='word_1_299' title='bbox 1363 2872 1454 2958; x_wconf 79' lang='lat' dir='ltr'><strong>quod</strong></span> <span class='ocrx_word' id='word_1_300' title='bbox 1503 2870 1640 2933; x_wconf 64' lang='lat' dir='ltr'><strong>amanet</strong></span> <span class='ocrx_word' id='word_1_301' title='bbox 1662 2870 1712 2931; x_wconf 82' lang='lat' dir='ltr'><strong>uls</strong></span> <span class='ocrx_word' id='word_1_302' title='bbox 1732 2892 1812 2932; x_wconf 82' lang='lat' dir='ltr'><strong>were</strong></span> <span class='ocrx_word' id='word_1_303' title='bbox 1833 2872 1894 2933; x_wconf 82' lang='lat' dir='ltr'><strong>das</strong></span> <span class='ocrx_word' id='word_1_304' title='bbox 1917 2873 2104 2942; x_wconf 82' lang='lat' dir='ltr'><strong>Hebraeum</strong></span> <span class='ocrx_word' id='word_1_305' title='bbox 2115 2876 2266 2951; x_wconf 72' lang='lat' dir='ltr'><strong>solicitata,</strong></span> <span class='ocrx_word' id='word_1_306' title='bbox 2287 2902 2358 2943; x_wconf 81' lang='lat' dir='ltr'><strong>com</strong></span> <span class='ocrx_word' id='word_1_307' title='bbox 2369 2881 2487 2964; x_wconf 74' lang='lat' dir='ltr'><strong>latres,</strong></span> 
     </span>
     <span class='ocr_line' id='line_1_26' title="bbox 472 2893 2486 3040; baseline 0.004 -16"><span class='ocrx_word' id='word_1_308' title='bbox 472 2893 579 3024; x_wconf 75' lang='lat' dir='ltr'><strong>lilius</strong></span> <span class='ocrx_word' id='word_1_309' title='bbox 601 2957 665 3024; x_wconf 91' lang='lat' dir='ltr'><strong>Dei</strong></span> <span class='ocrx_word' id='word_1_310' title='bbox 688 2961 732 3024; x_wconf 88' lang='lat' dir='ltr'><strong>sit</strong></span> <span class='ocrx_word' id='word_1_311' title='bbox 754 2960 786 3024; x_wconf 93' lang='lat' dir='ltr'><strong>in</strong></span> <span class='ocrx_word' id='word_1_312' title='bbox 809 2961 920 3040; x_wconf 87' lang='lat' dir='ltr'><strong>uobis,</strong></span> <span class='ocrx_word' id='word_1_313' title='bbox 942 2972 975 3024; x_wconf 93' lang='lat' dir='ltr'><strong>ct</strong></span> <span class='ocrx_word' id='word_1_314' title='bbox 997 2960 1182 3026; x_wconf 87' lang='lat' dir='ltr'><strong>sanctificet</strong></span> <span class='ocrx_word' id='word_1_315' title='bbox 1204 2980 1279 3026; x_wconf 90' lang='lat' dir='ltr'><strong>nos.</strong></span> <span class='ocrx_word' id='word_1_316' title='bbox 1310 2957 1359 3023; x_wconf 87' lang='lat' dir='ltr'><strong>illi</strong></span> <span class='ocrx_word' id='word_1_317' title='bbox 1381 2955 1454 3022; x_wconf 89' lang='lat' dir='ltr'><strong>alli·</strong></span> <span class='ocrx_word' id='word_1_318' title='bbox 1476 2985 1481 3006; x_wconf 86' lang='lat'>·</span> <span class='ocrx_word' id='word_1_319' title='bbox 1504 2977 1590 3023; x_wconf 72' lang='lat' dir='ltr'><strong>metm</strong></span> <span class='ocrx_word' id='word_1_320' title='bbox 1612 2960 1709 3021; x_wconf 80' lang='lat' dir='ltr'><strong>cirtem</strong></span> <span class='ocrx_word' id='word_1_321' title='bbox 1730 2957 1840 3022; x_wconf 69' lang='lat' dir='ltr'><strong>reiecit.</strong></span> <span class='ocrx_word' id='word_1_322' title='bbox 1884 2958 2053 3027; x_wconf 88' lang='lat' dir='ltr'><strong>Lutberus</strong></span> <span class='ocrx_word' id='word_1_323' title='bbox 2077 2964 2161 3028; x_wconf 90' lang='lat' dir='ltr'><strong>bene</strong></span> <span class='ocrx_word' id='word_1_324' title='bbox 2184 2967 2283 3030; x_wconf 86' lang='lat' dir='ltr'><strong>vertit</strong></span> <span class='ocrx_word' id='word_1_325' title='bbox 2305 2970 2351 3032; x_wconf 93' lang='lat' dir='ltr'><strong>ab</strong></span> <span class='ocrx_word' id='word_1_326' title='bbox 2366 2971 2486 3034; x_wconf 83' lang='lat' dir='ltr'><strong>omina·</strong></span> 
     </span>
     <span class='ocr_line' id='line_1_27' title="bbox 474 3043 2485 3136; baseline 0.003 -26"><span class='ocrx_word' id='word_1_327' title='bbox 474 3044 829 3134; x_wconf 47' lang='lat' dir='ltr'><strong>gant,Sacramentmn</strong></span> <span class='ocrx_word' id='word_1_328' title='bbox 851 3047 894 3111; x_wconf 94' lang='lat' dir='ltr'><strong>ad</strong></span> <span class='ocrx_word' id='word_1_329' title='bbox 916 3067 1070 3132; x_wconf 90' lang='lat' dir='ltr'><strong>pompas,</strong></span> <span class='ocrx_word' id='word_1_330' title='bbox 1093 3047 1217 3112; x_wconf 91' lang='lat' dir='ltr'><strong>circum</strong></span> <span class='ocrx_word' id='word_1_331' title='bbox 1235 3047 1454 3131; x_wconf 84' lang='lat' dir='ltr'><strong>gestationes,</strong></span> <span class='ocrx_word' id='word_1_332' title='bbox 1503 3046 1563 3121; x_wconf 91' lang='lat' dir='ltr'><strong>tio,</strong></span> <span class='ocrx_word' id='word_1_333' title='bbox 1584 3047 1635 3105; x_wconf 85' lang='lat' dir='ltr'><strong>ein</strong></span> <span class='ocrx_word' id='word_1_334' title='bbox 1655 3043 1772 3124; x_wconf 78' lang='lat' dir='ltr'><strong>prerreL</strong></span> <span class='ocrx_word' id='word_1_335' title='bbox 1818 3043 2029 3112; x_wconf 82' lang='lat' dir='ltr'><strong>Vocabulum</strong></span> <span class='ocrx_word' id='word_1_336' title='bbox 2052 3047 2231 3129; x_wconf 85' lang='lat' dir='ltr'><strong>Graecum,</strong></span> <span class='ocrx_word' id='word_1_337' title='bbox 2254 3066 2307 3117; x_wconf 88' lang='lat' dir='ltr'><strong>est</strong></span> <span class='ocrx_word' id='word_1_338' title='bbox 2321 3054 2485 3136; x_wconf 71' lang='grc' dir='ltr'><strong><em>βδέλυγαα,</em></strong></span> 
     </span>
     <span class='ocr_line' id='line_1_28' title="bbox 473 3129 2486 3220; baseline 0.004 -23"><span class='ocrx_word' id='word_1_339' title='bbox 473 3129 645 3216; x_wconf 83' lang='lat' dir='ltr'><strong>applicant</strong></span> <span class='ocrx_word' id='word_1_340' title='bbox 666 3133 817 3212; x_wconf 89' lang='lat' dir='ltr'><strong>mortuis,</strong></span> <span class='ocrx_word' id='word_1_341' title='bbox 829 3134 943 3198; x_wconf 91' lang='lat' dir='ltr'><strong>dicunt</strong></span> <span class='ocrx_word' id='word_1_342' title='bbox 963 3153 1043 3198; x_wconf 86' lang='lat' dir='ltr'><strong>esse</strong></span> <span class='ocrx_word' id='word_1_343' title='bbox 1055 3134 1268 3212; x_wconf 85' lang='lat' dir='ltr'><strong>sacrificium,</strong></span> <span class='ocrx_word' id='word_1_344' title='bbox 1284 3136 1374 3220; x_wconf 83' lang='lat' dir='ltr'><strong>qnod</strong></span> <span class='ocrx_word' id='word_1_345' title='bbox 1387 3151 1466 3220; x_wconf 19' lang='lat' dir='ltr'><strong>me*</strong></span> <span class='ocrx_word' id='word_1_346' title='bbox 1503 3152 1525 3195; x_wconf 89' lang='lat' dir='ltr'><strong>a</strong></span> <span class='ocrx_word' id='word_1_347' title='bbox 1546 3130 1639 3214; x_wconf 74' lang='grc' dir='ltr'><strong><em>βδέω,</em></strong></span> <span class='ocrx_word' id='word_1_348' title='bbox 1663 3131 1696 3195; x_wconf 90' lang='lat' dir='ltr'><strong>id</strong></span> <span class='ocrx_word' id='word_1_349' title='bbox 1718 3141 1782 3209; x_wconf 88' lang='lat' dir='ltr'><strong>est,</strong></span> <span class='ocrx_word' id='word_1_350' title='bbox 1803 3133 1904 3213; x_wconf 88' lang='lat' dir='ltr'><strong>pedo,</strong></span> <span class='ocrx_word' id='word_1_351' title='bbox 1922 3134 2261 3219; x_wconf 82' lang='lat' dir='ltr'><strong>est0nomatopocia,</strong></span> <span class='ocrx_word' id='word_1_352' title='bbox 2283 3139 2486 3206; x_wconf 86' lang='lat' dir='ltr'><strong>vocabulum</strong></span> 
     </span>
     <span class='ocr_line' id='line_1_29' title="bbox 473 3213 2484 3309; baseline 0.002 -27"><span class='ocrx_word' id='word_1_353' title='bbox 473 3230 588 3282; x_wconf 88' lang='lat' dir='ltr'><strong>rentur</strong></span> <span class='ocrx_word' id='word_1_354' title='bbox 610 3219 839 3284; x_wconf 87' lang='lat' dir='ltr'><strong>remissionem</strong></span> <span class='ocrx_word' id='word_1_355' title='bbox 862 3230 1074 3303; x_wconf 88' lang='lat' dir='ltr'><strong>peccatorum</strong></span> <span class='ocrx_word' id='word_1_356' title='bbox 1097 3217 1244 3297; x_wconf 85' lang='lat' dir='ltr'><strong>facienti,</strong></span> <span class='ocrx_word' id='word_1_357' title='bbox 1266 3233 1300 3284; x_wconf 89' lang='lat' dir='ltr'><strong>et</strong></span> <span class='ocrx_word' id='word_1_358' title='bbox 1310 3216 1377 3283; x_wconf 88' lang='lat' dir='ltr'><strong>illis</strong></span> <span class='ocrx_word' id='word_1_359' title='bbox 1391 3239 1452 3302; x_wconf 93' lang='lat' dir='ltr'><strong>pro</strong></span> <span class='ocrx_word' id='word_1_360' title='bbox 1503 3230 1557 3282; x_wconf 86' lang='lat' dir='ltr'><strong>est</strong></span> <span class='ocrx_word' id='word_1_361' title='bbox 1577 3239 1598 3282; x_wconf 88' lang='lat' dir='ltr'><strong>a</strong></span> <span class='ocrx_word' id='word_1_362' title='bbox 1620 3237 1707 3282; x_wconf 89' lang='lat' dir='ltr'><strong>sono</strong></span> <span class='ocrx_word' id='word_1_363' title='bbox 1728 3213 1864 3282; x_wconf 91' lang='lat' dir='ltr'><strong>factum.</strong></span> <span class='ocrx_word' id='word_1_364' title='bbox 1898 3216 2054 3304; x_wconf 87' lang='lat' dir='ltr'><strong>Crepitus</strong></span> <span class='ocrx_word' id='word_1_365' title='bbox 2077 3225 2185 3286; x_wconf 87' lang='lat' dir='ltr'><strong>ventis</strong></span> <span class='ocrx_word' id='word_1_366' title='bbox 2208 3228 2388 3309; x_wconf 78' lang='lat' dir='ltr'><strong>agrestior.</strong></span> <span class='ocrx_word' id='word_1_367' title='bbox 2405 3225 2484 3287; x_wconf 71' lang='lat' dir='ltr'><strong>nats.</strong></span> 
     </span>
     <span class='ocr_line' id='line_1_30' title="bbox 474 3302 2486 3398; baseline 0.003 -30"><span class='ocrx_word' id='word_1_368' title='bbox 474 3305 595 3391; x_wconf 83' lang='lat' dir='ltr'><strong>quibus</strong></span> <span class='ocrx_word' id='word_1_369' title='bbox 618 3303 666 3369; x_wconf 84' lang='lat' dir='ltr'><strong>fit.</strong></span> <span class='ocrx_word' id='word_1_370' title='bbox 710 3305 784 3367; x_wconf 82' lang='lat' dir='ltr'><strong>Dar</strong></span> <span class='ocrx_word' id='word_1_371' title='bbox 803 3309 846 3367; x_wconf 79' lang='lat' dir='ltr'><strong>isi</strong></span> <span class='ocrx_word' id='word_1_372' title='bbox 870 3309 905 3367; x_wconf 86' lang='lat' dir='ltr'><strong>t&#39;o</strong></span> <span class='ocrx_word' id='word_1_373' title='bbox 926 3308 977 3366; x_wconf 84' lang='lat' dir='ltr'><strong>ein</strong></span> <span class='ocrx_word' id='word_1_374' title='bbox 997 3327 1088 3388; x_wconf 77' lang='lat' dir='ltr'><strong>prosa</strong></span> <span class='ocrx_word' id='word_1_375' title='bbox 1110 3304 1329 3391; x_wconf 84' lang='lat' dir='ltr'><strong>blasphemia.</strong></span> <span class='ocrx_word' id='word_1_376' title='bbox 1353 3303 1452 3370; x_wconf 80' lang='lat' dir='ltr'><strong>Prae·</strong></span> <span class='ocrx_word' id='word_1_377' title='bbox 1502 3312 1549 3366; x_wconf 76' lang='lat' dir='ltr'><strong>sei</strong></span> <span class='ocrx_word' id='word_1_378' title='bbox 1571 3303 1678 3391; x_wconf 74' lang='lat' dir='ltr'><strong>xe&#39;pth.</strong></span> <span class='ocrx_word' id='word_1_379' title='bbox 1725 3302 1941 3369; x_wconf 85' lang='lat' dir='ltr'><strong>Proverbiutn</strong></span> <span class='ocrx_word' id='word_1_380' title='bbox 1964 3319 2032 3384; x_wconf 81' lang='lat' dir='ltr'><strong>cst,</strong></span> <span class='ocrx_word' id='word_1_381' title='bbox 2066 3306 2144 3372; x_wconf 72' lang='lat' dir='ltr'><strong>iim</strong></span> <span class='ocrx_word' id='word_1_382' title='bbox 2170 3313 2270 3398; x_wconf 66' lang='grc' dir='ltr'><em>ἑαυτῷ</em></span> <span class='ocrx_word' id='word_1_383' title='bbox 2291 3310 2398 3393; x_wconf 75' lang='grc' dir='ltr'><strong>βδῆμα</strong></span> <span class='ocrx_word' id='word_1_384' title='bbox 2418 3312 2486 3393; x_wconf 67' lang='lat' dir='ltr'><strong>ytri-</strong></span> 
     </span>
     <span class='ocr_line' id='line_1_31' title="bbox 473 3390 2484 3477; baseline 0.003 -21"><span class='ocrx_word' id='word_1_385' title='bbox 473 3401 568 3456; x_wconf 85' lang='lat' dir='ltr'><strong>terea</strong></span> <span class='ocrx_word' id='word_1_386' title='bbox 583 3391 712 3469; x_wconf 73' lang='lat' dir='ltr'><strong>videte,</strong></span> <span class='ocrx_word' id='word_1_387' title='bbox 734 3403 893 3477; x_wconf 87' lang='lat' dir='ltr'><strong>quantum</strong></span> <span class='ocrx_word' id='word_1_388' title='bbox 916 3394 960 3456; x_wconf 88' lang='lat' dir='ltr'><strong>sit</strong></span> <span class='ocrx_word' id='word_1_389' title='bbox 980 3390 1161 3472; x_wconf 79' lang='lat' dir='ltr'><strong>libidinum,</strong></span> <span class='ocrx_word' id='word_1_390' title='bbox 1182 3390 1452 3475; x_wconf 89' lang='lat' dir='ltr'><strong>probibitiocon·</strong></span> <span class='ocrx_word' id='word_1_391' title='bbox 1502 3416 1567 3455; x_wconf 76' lang='grc' dir='ltr'><strong>κων</strong></span> <span class='ocrx_word' id='word_1_392' title='bbox 1586 3393 1699 3471; x_wconf 68' lang='lat' dir='ltr'><strong>pilon:</strong></span> <span class='ocrx_word' id='word_1_393' title='bbox 1722 3409 1838 3454; x_wconf 87' lang='lat' dir='ltr'><strong>omnes</strong></span> <span class='ocrx_word' id='word_1_394' title='bbox 1862 3411 1977 3456; x_wconf 87' lang='lat' dir='ltr'><strong>sumus</strong></span> <span class='ocrx_word' id='word_1_395' title='bbox 1995 3397 2147 3476; x_wconf 75' lang='grc' dir='ltr'><strong><em>φίλαυτοι.</em></strong></span> <span class='ocrx_word' id='word_1_396' title='bbox 2176 3395 2304 3461; x_wconf 84' lang='lat' dir='ltr'><strong>Nostra</strong></span> <span class='ocrx_word' id='word_1_397' title='bbox 2318 3401 2484 3472; x_wconf 83' lang='lat' dir='ltr'><strong>miramur,</strong></span> 
     </span>
     <span class='ocr_line' id='line_1_32' title="bbox 473 3475 2485 3570; baseline 0.004 -30"><span class='ocrx_word' id='word_1_398' title='bbox 473 3476 566 3562; x_wconf 77' lang='lat' dir='ltr'><strong>logii,</strong></span> <span class='ocrx_word' id='word_1_399' title='bbox 587 3478 811 3552; x_wconf 76' lang='lat' dir='ltr'><strong>scortationes</strong></span> <span class='ocrx_word' id='word_1_400' title='bbox 838 3476 1018 3558; x_wconf 88' lang='lat' dir='ltr'><strong>adulteria,</strong></span> <span class='ocrx_word' id='word_1_401' title='bbox 1045 3480 1199 3544; x_wconf 90' lang='lat' dir='ltr'><strong>incendia</strong></span> <span class='ocrx_word' id='word_1_402' title='bbox 1226 3479 1451 3564; x_wconf 81' lang='lat' dir='ltr'><strong>cupiditatum.</strong></span> <span class='ocrx_word' id='word_1_403' title='bbox 1502 3497 1589 3542; x_wconf 78' lang='lat' dir='ltr'><strong>menn</strong></span> <span class='ocrx_word' id='word_1_404' title='bbox 1617 3497 1651 3537; x_wconf 77' lang='lat' dir='ltr'><strong>es</strong></span> <span class='ocrx_word' id='word_1_405' title='bbox 1681 3475 1776 3536; x_wconf 80' lang='lat' dir='ltr'><strong>sciron</strong></span> <span class='ocrx_word' id='word_1_406' title='bbox 1809 3479 1861 3536; x_wconf 80' lang='lat' dir='ltr'><strong>ein</strong></span> <span class='ocrx_word' id='word_1_407' title='bbox 1888 3476 1984 3541; x_wconf 80' lang='lat' dir='ltr'><strong>dreclt</strong></span> <span class='ocrx_word' id='word_1_408' title='bbox 2011 3482 2065 3543; x_wconf 77' lang='lat' dir='ltr'><strong>nt.</strong></span> <span class='ocrx_word' id='word_1_409' title='bbox 2110 3479 2240 3547; x_wconf 84' lang='lat' dir='ltr'><strong>Ductor</strong></span> <span class='ocrx_word' id='word_1_410' title='bbox 2262 3482 2485 3570; x_wconf 71' lang='lat' dir='ltr'><strong>Hieronymus</strong></span> 
     </span>
     <span class='ocr_line' id='line_1_33' title="bbox 388 3561 2484 3655; baseline 0.004 -29"><span class='ocrx_word' id='word_1_411' title='bbox 388 3585 390 3593; x_wconf 93' lang='lat'>·</span> <span class='ocrx_word' id='word_1_412' title='bbox 474 3561 640 3636; x_wconf 84' lang='lat' dir='ltr'><strong>Quantum</strong></span> <span class='ocrx_word' id='word_1_413' title='bbox 663 3561 787 3629; x_wconf 89' lang='lat' dir='ltr'><strong>bellum</strong></span> <span class='ocrx_word' id='word_1_414' title='bbox 809 3567 873 3629; x_wconf 92' lang='lat' dir='ltr'><strong>iam</strong></span> <span class='ocrx_word' id='word_1_415' title='bbox 894 3566 1049 3630; x_wconf 87' lang='lat' dir='ltr'><strong>excitavit</strong></span> <span class='ocrx_word' id='word_1_416' title='bbox 1067 3564 1221 3630; x_wconf 79' lang='lat' dir='ltr'><strong>Pontifex</strong></span> <span class='ocrx_word' id='word_1_417' title='bbox 1243 3567 1329 3629; x_wconf 88' lang='lat' dir='ltr'><strong>inter</strong></span> <span class='ocrx_word' id='word_1_418' title='bbox 1349 3567 1452 3648; x_wconf 80' lang='lat' dir='ltr'><strong>impe·</strong></span> <span class='ocrx_word' id='word_1_419' title='bbox 1504 3562 1636 3629; x_wconf 83' lang='lat' dir='ltr'><strong>solebat</strong></span> <span class='ocrx_word' id='word_1_420' title='bbox 1669 3563 1781 3628; x_wconf 89' lang='lat' dir='ltr'><strong>dicere</strong></span> <span class='ocrx_word' id='word_1_421' title='bbox 1813 3562 1857 3628; x_wconf 88' lang='lat' dir='ltr'><strong>de</strong></span> <span class='ocrx_word' id='word_1_422' title='bbox 1879 3561 2006 3629; x_wconf 79' lang='lat' dir='ltr'><strong>fucosis</strong></span> <span class='ocrx_word' id='word_1_423' title='bbox 2024 3569 2271 3649; x_wconf 79' lang='lat' dir='ltr'><strong>praetextibus,</strong></span> <span class='ocrx_word' id='word_1_424' title='bbox 2294 3574 2432 3655; x_wconf 87' lang='lat' dir='ltr'><strong>quando</strong></span> <span class='ocrx_word' id='word_1_425' title='bbox 2453 3572 2484 3636; x_wconf 91' lang='lat' dir='ltr'><strong>iu</strong></span> 
     </span>
     <span class='ocr_line' id='line_1_34' title="bbox 473 3646 2484 3743; baseline 0.005 -30"><span class='ocrx_word' id='word_1_426' title='bbox 473 3661 618 3714; x_wconf 83' lang='lat' dir='ltr'><strong>retorem</strong></span> <span class='ocrx_word' id='word_1_427' title='bbox 637 3658 791 3716; x_wconf 81' lang='lat' dir='ltr'><strong>nostrum</strong></span> <span class='ocrx_word' id='word_1_428' title='bbox 813 3663 847 3716; x_wconf 88' lang='lat' dir='ltr'><strong>ct</strong></span> <span class='ocrx_word' id='word_1_429' title='bbox 866 3649 991 3735; x_wconf 85' lang='lat' dir='ltr'><strong>liegem</strong></span> <span class='ocrx_word' id='word_1_430' title='bbox 1013 3648 1159 3731; x_wconf 89' lang='lat' dir='ltr'><strong>Galliae,</strong></span> <span class='ocrx_word' id='word_1_431' title='bbox 1186 3651 1280 3716; x_wconf 89' lang='lat' dir='ltr'><strong>cuius</strong></span> <span class='ocrx_word' id='word_1_432' title='bbox 1302 3653 1376 3736; x_wconf 81' lang='lat' dir='ltr'><strong>ipse</strong></span> <span class='ocrx_word' id='word_1_433' title='bbox 1397 3672 1453 3716; x_wconf 92' lang='lat' dir='ltr'><strong>so·</strong></span> <span class='ocrx_word' id='word_1_434' title='bbox 1504 3649 1618 3736; x_wconf 81' lang='lat' dir='ltr'><strong>aliqua</strong></span> <span class='ocrx_word' id='word_1_435' title='bbox 1649 3650 1787 3714; x_wconf 88' lang='lat' dir='ltr'><strong>materia</strong></span> <span class='ocrx_word' id='word_1_436' title='bbox 1818 3646 1947 3715; x_wconf 83' lang='lat' dir='ltr'><strong>forensi</strong></span> <span class='ocrx_word' id='word_1_437' title='bbox 1978 3650 2201 3719; x_wconf 88' lang='lat' dir='ltr'><strong>ailcrebantur</strong></span> <span class='ocrx_word' id='word_1_438' title='bbox 2233 3654 2358 3722; x_wconf 87' lang='lat' dir='ltr'><strong>fucosa</strong></span> <span class='ocrx_word' id='word_1_439' title='bbox 2388 3678 2484 3743; x_wconf 80' lang='lat' dir='ltr'><strong>argu·</strong></span> 
     </span>
     <span class='ocr_line' id='line_1_35' title="bbox 473 3730 2482 3827; baseline 0.005 -29"><span class='ocrx_word' id='word_1_440' title='bbox 473 3730 528 3800; x_wconf 92' lang='lat' dir='ltr'><strong>lus</strong></span> <span class='ocrx_word' id='word_1_441' title='bbox 551 3746 670 3801; x_wconf 87' lang='lat' dir='ltr'><strong>auctor</strong></span> <span class='ocrx_word' id='word_1_442' title='bbox 691 3749 754 3802; x_wconf 80' lang='lat' dir='ltr'><strong>est</strong></span> <span class='ocrx_word' id='word_1_443' title='bbox 798 3738 866 3799; x_wconf 83' lang='lat' dir='ltr'><strong>Der</strong></span> <span class='ocrx_word' id='word_1_444' title='bbox 887 3740 931 3803; x_wconf 85' lang='lat' dir='ltr'><strong>ist</strong></span> <span class='ocrx_word' id='word_1_445' title='bbox 953 3740 1003 3800; x_wconf 82' lang='lat' dir='ltr'><strong>ein</strong></span> <span class='ocrx_word' id='word_1_446' title='bbox 1031 3735 1153 3803; x_wconf 89' lang='lat' dir='ltr'><strong>idolum</strong></span> <span class='ocrx_word' id='word_1_447' title='bbox 1173 3750 1331 3814; x_wconf 87' lang='lat' dir='ltr'><strong>vastans,</strong></span> <span class='ocrx_word' id='word_1_448' title='bbox 1358 3748 1455 3803; x_wconf 84' lang='lat' dir='ltr'><strong>stans</strong></span> <span class='ocrx_word' id='word_1_449' title='bbox 1505 3750 1628 3814; x_wconf 85' lang='lat' dir='ltr'><strong>menta,</strong></span> <span class='ocrx_word' id='word_1_450' title='bbox 1649 3755 1683 3798; x_wconf 81' lang='lat' dir='ltr'><strong>es</strong></span> <span class='ocrx_word' id='word_1_451' title='bbox 1704 3738 1747 3797; x_wconf 79' lang='lat' dir='ltr'><strong>ist</strong></span> <span class='ocrx_word' id='word_1_452' title='bbox 1769 3738 1820 3796; x_wconf 83' lang='lat' dir='ltr'><strong>ein</strong></span> <span class='ocrx_word' id='word_1_453' title='bbox 1836 3736 1970 3798; x_wconf 72' lang='lat' dir='ltr'><strong>seltener</strong></span> <span class='ocrx_word' id='word_1_454' title='bbox 1986 3737 2099 3799; x_wconf 75' lang='lat' dir='ltr'><strong>areat:</strong></span> <span class='ocrx_word' id='word_1_455' title='bbox 2120 3738 2315 3808; x_wconf 88' lang='lat' dir='ltr'><strong>unicuilibet</strong></span> <span class='ocrx_word' id='word_1_456' title='bbox 2338 3764 2401 3808; x_wconf 83' lang='lat' dir='ltr'><strong>sua</strong></span> <span class='ocrx_word' id='word_1_457' title='bbox 2418 3740 2482 3827; x_wconf 90' lang='lat' dir='ltr'><strong>pul-</strong></span> 
     </span>
     <span class='ocr_line' id='line_1_36' title="bbox 473 3819 2483 3912; baseline 0.003 -25"><span class='ocrx_word' id='word_1_458' title='bbox 473 3821 508 3887; x_wconf 90' lang='lat' dir='ltr'><strong>iu</strong></span> <span class='ocrx_word' id='word_1_459' title='bbox 530 3819 609 3886; x_wconf 88' lang='lat' dir='ltr'><strong>loeo</strong></span> <span class='ocrx_word' id='word_1_460' title='bbox 631 3835 760 3896; x_wconf 89' lang='lat' dir='ltr'><strong>sancto,</strong></span> <span class='ocrx_word' id='word_1_461' title='bbox 784 3836 818 3889; x_wconf 89' lang='lat' dir='ltr'><strong>et</strong></span> <span class='ocrx_word' id='word_1_462' title='bbox 839 3822 910 3889; x_wconf 88' lang='lat' dir='ltr'><strong>vult</strong></span> <span class='ocrx_word' id='word_1_463' title='bbox 932 3845 1010 3890; x_wconf 83' lang='lat' dir='ltr'><strong>csse</strong></span> <span class='ocrx_word' id='word_1_464' title='bbox 1032 3837 1132 3909; x_wconf 86' lang='lat' dir='ltr'><strong>caput</strong></span> <span class='ocrx_word' id='word_1_465' title='bbox 1153 3822 1339 3890; x_wconf 79' lang='lat' dir='ltr'><strong>Ecclesiae.</strong></span> <span class='ocrx_word' id='word_1_466' title='bbox 1506 3821 1588 3887; x_wconf 85' lang='lat' dir='ltr'><strong>citra</strong></span> <span class='ocrx_word' id='word_1_467' title='bbox 1610 3832 1697 3885; x_wconf 89' lang='lat' dir='ltr'><strong>sunt.</strong></span> <span class='ocrx_word' id='word_1_468' title='bbox 1748 3821 1815 3883; x_wconf 81' lang='lat' dir='ltr'><strong>Van</strong></span> <span class='ocrx_word' id='word_1_469' title='bbox 1836 3822 1905 3883; x_wconf 83' lang='lat' dir='ltr'><strong>dam</strong></span> <span class='ocrx_word' id='word_1_470' title='bbox 1932 3822 2033 3905; x_wconf 76' lang='grc' dir='ltr'><em>βδέω,</em></span> <span class='ocrx_word' id='word_1_471' title='bbox 2061 3829 2104 3886; x_wconf 79' lang='lat' dir='ltr'><strong>ist</strong></span> <span class='ocrx_word' id='word_1_472' title='bbox 2130 3826 2190 3887; x_wconf 70' lang='lat' dir='ltr'><strong>das</strong></span> <span class='ocrx_word' id='word_1_473' title='bbox 2216 3837 2297 3892; x_wconf 79' lang='lat' dir='ltr'><strong>mort</strong></span> <span class='ocrx_word' id='word_1_474' title='bbox 2322 3828 2483 3912; x_wconf 66' lang='lat' dir='ltr'><strong>ditiora«,</strong></span> 
     </span>
     <span class='ocr_line' id='line_1_37' title="bbox 561 3907 2483 3998; baseline 0.001 -27"><span class='ocrx_word' id='word_1_475' title='bbox 561 3907 654 3972; x_wconf 82' lang='lat' dir='ltr'><strong>llaec</strong></span> <span class='ocrx_word' id='word_1_476' title='bbox 676 3910 806 3974; x_wconf 90' lang='lat' dir='ltr'><strong>debetis</strong></span> <span class='ocrx_word' id='word_1_477' title='bbox 829 3912 1057 3988; x_wconf 86' lang='lat' dir='ltr'><strong>considerare,</strong></span> <span class='ocrx_word' id='word_1_478' title='bbox 1079 3923 1114 3975; x_wconf 89' lang='lat' dir='ltr'><strong>et</strong></span> <span class='ocrx_word' id='word_1_479' title='bbox 1142 3930 1240 3976; x_wconf 88' lang='lat' dir='ltr'><strong>orare</strong></span> <span class='ocrx_word' id='word_1_480' title='bbox 1262 3909 1388 3989; x_wconf 89' lang='lat' dir='ltr'><strong>Deum,</strong></span> <span class='ocrx_word' id='word_1_481' title='bbox 1418 3919 1455 3975; x_wconf 85' lang='lat' dir='ltr'><strong>ut</strong></span> <span class='ocrx_word' id='word_1_482' title='bbox 1505 3912 1539 3975; x_wconf 90' lang='lat' dir='ltr'><strong>id</strong></span> <span class='ocrx_word' id='word_1_483' title='bbox 1561 3920 1626 3985; x_wconf 91' lang='lat' dir='ltr'><strong>est,</strong></span> <span class='ocrx_word' id='word_1_484' title='bbox 1647 3908 1724 3968; x_wconf 82' lang='lat' dir='ltr'><strong>dass</strong></span> <span class='ocrx_word' id='word_1_485' title='bbox 1744 3928 1782 3969; x_wconf 78' lang='lat' dir='ltr'><strong>ao</strong></span> <span class='ocrx_word' id='word_1_486' title='bbox 1804 3910 1934 3988; x_wconf 70' lang='lat' dir='ltr'><strong>unfletip</strong></span> <span class='ocrx_word' id='word_1_487' title='bbox 1955 3912 2015 3983; x_wconf 82' lang='lat' dir='ltr'><strong>ist,</strong></span> <span class='ocrx_word' id='word_1_488' title='bbox 2037 3911 2087 3971; x_wconf 77' lang='lat' dir='ltr'><strong>ule</strong></span> <span class='ocrx_word' id='word_1_489' title='bbox 2108 3915 2159 3972; x_wconf 83' lang='lat' dir='ltr'><strong>cin</strong></span> <span class='ocrx_word' id='word_1_490' title='bbox 2177 3916 2328 3998; x_wconf 80' lang='lat' dir='ltr'><strong>crepitus</strong></span> <span class='ocrx_word' id='word_1_491' title='bbox 2351 3916 2483 3980; x_wconf 77' lang='lat' dir='ltr'><strong>ventris.</strong></span> 
     </span>
     <span class='ocr_line' id='line_1_38' title="bbox 474 3993 2484 4082; baseline 0.004 -24"><span class='ocrx_word' id='word_1_492' title='bbox 474 4005 572 4080; x_wconf 76' lang='lat' dir='ltr'><strong>regat</strong></span> <span class='ocrx_word' id='word_1_493' title='bbox 593 4006 721 4060; x_wconf 89' lang='lat' dir='ltr'><strong>mentes</strong></span> <span class='ocrx_word' id='word_1_494' title='bbox 745 4007 898 4075; x_wconf 83' lang='lat' dir='ltr'><strong>restrae,</strong></span> <span class='ocrx_word' id='word_1_495' title='bbox 926 4016 967 4061; x_wconf 89' lang='lat' dir='ltr'><strong>ac</strong></span> <span class='ocrx_word' id='word_1_496' title='bbox 989 3994 1151 4067; x_wconf 88' lang='lat' dir='ltr'><strong>illustret,</strong></span> <span class='ocrx_word' id='word_1_497' title='bbox 1179 4009 1214 4060; x_wconf 90' lang='lat' dir='ltr'><strong>ut</strong></span> <span class='ocrx_word' id='word_1_498' title='bbox 1236 3998 1398 4061; x_wconf 88' lang='lat' dir='ltr'><strong>mancatis</strong></span> <span class='ocrx_word' id='word_1_499' title='bbox 1421 3996 1454 4060; x_wconf 93' lang='lat' dir='ltr'><strong>in</strong></span> <span class='ocrx_word' id='word_1_500' title='bbox 1591 3993 1994 4060; x_wconf 82' lang='lat' dir='ltr'><strong>Menrcntotellebraeam</strong></span> <span class='ocrx_word' id='word_1_501' title='bbox 2007 3994 2159 4082; x_wconf 84' lang='lat' dir='ltr'><strong>phrasin:</strong></span> <span class='ocrx_word' id='word_1_502' title='bbox 2182 3999 2321 4066; x_wconf 86' lang='lat' dir='ltr'><strong>Scelere</strong></span> <span class='ocrx_word' id='word_1_503' title='bbox 2333 4003 2484 4080; x_wconf 69' lang='lat' dir='ltr'><strong>maxima,</strong></span> 
     </span>
     <span class='ocr_line' id='line_1_39' title="bbox 474 4082 2484 4168; baseline 0.003 -22"><span class='ocrx_word' id='word_1_504' title='bbox 474 4099 557 4146; x_wconf 86' lang='lat' dir='ltr'><strong>vara</strong></span> <span class='ocrx_word' id='word_1_505' title='bbox 584 4082 768 4160; x_wconf 84' lang='lat' dir='ltr'><strong>scatentia,</strong></span> <span class='ocrx_word' id='word_1_506' title='bbox 801 4102 844 4147; x_wconf 89' lang='lat' dir='ltr'><strong>ac</strong></span> <span class='ocrx_word' id='word_1_507' title='bbox 866 4095 999 4147; x_wconf 82' lang='lat' dir='ltr'><strong>crescat</strong></span> <span class='ocrx_word' id='word_1_508' title='bbox 1020 4084 1053 4147; x_wconf 91' lang='lat' dir='ltr'><strong>in</strong></span> <span class='ocrx_word' id='word_1_509' title='bbox 1077 4084 1173 4148; x_wconf 87' lang='lat' dir='ltr'><strong>vobis</strong></span> <span class='ocrx_word' id='word_1_510' title='bbox 1195 4083 1375 4162; x_wconf 86' lang='lat' dir='ltr'><strong>invocatio,</strong></span> <span class='ocrx_word' id='word_1_511' title='bbox 1396 4086 1455 4145; x_wconf 79' lang='lat' dir='ltr'><strong>ecia</strong></span> <span class='ocrx_word' id='word_1_512' title='bbox 1505 4102 1592 4168; x_wconf 88' lang='lat' dir='ltr'><strong>quae</strong></span> <span class='ocrx_word' id='word_1_513' title='bbox 1614 4082 1712 4145; x_wconf 88' lang='lat' dir='ltr'><strong>etiam</strong></span> <span class='ocrx_word' id='word_1_514' title='bbox 1734 4082 1919 4146; x_wconf 81' lang='lat' dir='ltr'><strong>communis</strong></span> <span class='ocrx_word' id='word_1_515' title='bbox 1946 4094 2066 4148; x_wconf 79' lang='lat' dir='ltr'><strong>natura</strong></span> <span class='ocrx_word' id='word_1_516' title='bbox 2088 4105 2155 4149; x_wconf 93' lang='lat' dir='ltr'><strong>non</strong></span> <span class='ocrx_word' id='word_1_517' title='bbox 2184 4098 2379 4152; x_wconf 81' lang='lat' dir='ltr'><strong>monstrosa</strong></span> <span class='ocrx_word' id='word_1_518' title='bbox 2400 4085 2484 4152; x_wconf 86' lang='lat' dir='ltr'><strong>refu·</strong></span> 
     </span>
     <span class='ocr_line' id='line_1_40' title="bbox 472 4164 2484 4258; baseline 0.003 -30"><span class='ocrx_word' id='word_1_519' title='bbox 472 4164 524 4228; x_wconf 85' lang='lat' dir='ltr'><strong>ltie</strong></span> <span class='ocrx_word' id='word_1_520' title='bbox 544 4167 662 4236; x_wconf 70' lang='lat' dir='ltr'><strong>stetur,-</strong></span> <span class='ocrx_word' id='word_1_521' title='bbox 683 4166 793 4233; x_wconf 82' lang='lat' dir='ltr'><strong>Oroic.</strong></span> <span class='ocrx_word' id='word_1_522' title='bbox 924 4236 927 4242; x_wconf 60' lang='grc'>,</span> <span class='ocrx_word' id='word_1_523' title='bbox 1506 4172 1565 4258; x_wconf 80' lang='lat' dir='ltr'><strong>git,</strong></span> <span class='ocrx_word' id='word_1_524' title='bbox 1588 4166 1798 4232; x_wconf 90' lang='lat' dir='ltr'><strong>nominantur</strong></span> <span class='ocrx_word' id='word_1_525' title='bbox 1819 4168 1852 4230; x_wconf 92' lang='lat' dir='ltr'><strong>in</strong></span> <span class='ocrx_word' id='word_1_526' title='bbox 1875 4166 2029 4233; x_wconf 85' lang='lat' dir='ltr'><strong>Hebraea</strong></span> <span class='ocrx_word' id='word_1_527' title='bbox 2048 4166 2093 4233; x_wconf 93' lang='lat' dir='ltr'><strong>lin</strong></span> <span class='ocrx_word' id='word_1_528' title='bbox 2120 4192 2162 4235; x_wconf 90' lang='lat' dir='ltr'><strong>ua</strong></span> <span class='ocrx_word' id='word_1_529' title='bbox 2184 4171 2390 4235; x_wconf 64' lang='lat' dir='ltr'><strong>salernam.</strong></span> <span class='ocrx_word' id='word_1_530' title='bbox 2420 4173 2484 4235; x_wconf 79' lang='lat' dir='ltr'><strong>Vna</strong></span> 
     </span>
     <span class='ocr_line' id='line_1_41' title="bbox 1504 4192 2483 4337; baseline 0.007 -21"><span class='ocrx_word' id='word_1_531' title='bbox 1504 4258 1571 4317; x_wconf 81' lang='lat' dir='ltr'><strong>ciet·</strong></span> <span class='ocrx_word' id='word_1_532' title='bbox 1591 4255 1709 4335; x_wconf 75' lang='lat' dir='ltr'><strong>tlinpen</strong></span> <span class='ocrx_word' id='word_1_533' title='bbox 1730 4251 1829 4314; x_wconf 75' lang='lat' dir='ltr'><strong>sonet</strong></span> <span class='ocrx_word' id='word_1_534' title='bbox 1849 4273 1884 4315; x_wconf 79' lang='lat' dir='ltr'><strong>er</strong></span> <span class='ocrx_word' id='word_1_535' title='bbox 1903 4192 2122 4337; x_wconf 68' lang='lat' dir='ltr'><strong>perreciniplicl</strong></span> <span class='ocrx_word' id='word_1_536' title='bbox 2142 4258 2299 4322; x_wconf 67' lang='lat' dir='ltr'><strong>coloten.-</strong></span> <span class='ocrx_word' id='word_1_537' title='bbox 2326 4260 2353 4327; x_wconf 82' lang='lat' dir='ltr'><strong>l.</strong></span> <span class='ocrx_word' id='word_1_538' title='bbox 2365 4262 2409 4325; x_wconf 91' lang='lat' dir='ltr'><strong>dc</strong></span> <span class='ocrx_word' id='word_1_539' title='bbox 2421 4262 2483 4325; x_wconf 89' lang='lat' dir='ltr'><strong>ido·</strong></span> 
     </span>
    </p>
   </div>
   <div class='ocr_carea' id='block_1_3' title="bbox 508 4305 2484 4458">
    <p class='ocr_par' dir='ltr' id='par_1_3' title="bbox 508 4305 2484 4458">
     <span class='ocr_line' id='line_1_42' title="bbox 508 4305 2484 4458; baseline -0.016 -28"><span class='ocrx_word' id='word_1_540' title='bbox 508 4387 571 4456; x_wconf 71' lang='lat' dir='ltr'><strong>EX</strong></span> <span class='ocrx_word' id='word_1_541' title='bbox 592 4387 856 4457; x_wconf 63' lang='lat' dir='ltr'>RHAPSODIA</span> <span class='ocrx_word' id='word_1_542' title='bbox 877 4390 988 4457; x_wconf 59' lang='grc' dir='ltr'><strong>ΔΝΜ</strong></span> <span class='ocrx_word' id='word_1_543' title='bbox 1011 4305 1211 4457; x_wconf 55' lang='grc' dir='ltr'><strong>ΡΒΟΧΙΜέ</strong></span> <span class='ocrx_word' id='word_1_544' title='bbox 1232 4386 1421 4458; x_wconf 58' lang='lat' dir='ltr'>PRAEOE</span> <span class='ocrx_word' id='word_1_545' title='bbox 1504 4340 1565 4420; x_wconf 88' lang='lat' dir='ltr'><strong>lis;</strong></span> <span class='ocrx_word' id='word_1_546' title='bbox 1591 4342 1624 4405; x_wconf 68' lang='lat'><strong>2&#39;.</strong></span> <span class='ocrx_word' id='word_1_547' title='bbox 1647 4341 1689 4406; x_wconf 91' lang='lat' dir='ltr'><strong>de</strong></span> <span class='ocrx_word' id='word_1_548' title='bbox 1717 4341 1812 4404; x_wconf 90' lang='lat' dir='ltr'><strong>tetris</strong></span> <span class='ocrx_word' id='word_1_549' title='bbox 1847 4337 2054 4415; x_wconf 86' lang='lat' dir='ltr'><strong>l:brdrmbus,</strong></span> <span class='ocrx_word' id='word_1_550' title='bbox 2084 4363 2105 4407; x_wconf 89' lang='lat' dir='ltr'><strong>a</strong></span> <span class='ocrx_word' id='word_1_551' title='bbox 2131 4347 2253 4429; x_wconf 87' lang='lat' dir='ltr'><strong>quibus</strong></span> <span class='ocrx_word' id='word_1_552' title='bbox 2276 4357 2398 4411; x_wconf 69' lang='lat' dir='ltr'><strong>natum</strong></span> <span class='ocrx_word' id='word_1_553' title='bbox 2419 4365 2484 4411; x_wconf 68' lang='lat'><strong>„011</strong></span> 
     </span>
    </p>
   </div>
   <div class='ocr_carea' id='block_1_4' title="bbox 635 4425 2486 4589">
    <p class='ocr_par' dir='ltr' id='par_1_4' title="bbox 635 4425 2486 4589">
     <span class='ocr_line' id='line_1_43' title="bbox 635 4425 2486 4589; baseline -0.017 -47"><span class='ocrx_word' id='word_1_554' title='bbox 635 4475 798 4544; x_wconf 80' lang='lat' dir='ltr'><strong>nunus</strong></span> <span class='ocrx_word' id='word_1_555' title='bbox 819 4476 1011 4545; x_wconf 79' lang='lat' dir='ltr'><strong>norrun</strong></span> <span class='ocrx_word' id='word_1_556' title='bbox 1032 4478 1074 4546; x_wconf 85' lang='lat' dir='ltr'><strong>o.</strong></span> <span class='ocrx_word' id='word_1_557' title='bbox 1099 4476 1299 4544; x_wconf 78' lang='lat' dir='ltr'><strong>turturem.</strong></span> <span class='ocrx_word' id='word_1_558' title='bbox 1505 4441 1696 4589; x_wconf 56' lang='lat' dir='ltr'><strong>ffigffiffg’j}</strong></span> <span class='ocrx_word' id='word_1_559' title='bbox 1718 4425 2486 4585; x_wconf 54' lang='lat' dir='ltr'><strong>iillillal‘„iil⁰ig⁰f,3„l,i{²,⁰„,⁸“⁰,{,‘3,{¹,}22</strong></span> 
     </span>
    </p>
   </div>
   <div class='ocr_carea' id='block_1_5' title="bbox 469 4597 2496 5730">
    <p class='ocr_par' dir='ltr' id='par_1_5' title="bbox 469 4597 2496 5730">
     <span class='ocr_line' id='line_1_44' title="bbox 554 4597 2487 4772; baseline 0.007 -30"><span class='ocrx_word' id='word_1_560' title='bbox 554 4637 666 4742; x_wconf 69' lang='lat' dir='ltr'><strong>onir</strong></span> <span class='ocrx_word' id='word_1_561' title='bbox 695 4639 909 4752; x_wconf 68' lang='lat' dir='ltr'><strong>signifieat.</strong></span> <span class='ocrx_word' id='word_1_562' title='bbox 926 4638 1176 4724; x_wconf 73' lang='lat' dir='ltr'><strong>abominatio</strong></span> <span class='ocrx_word' id='word_1_563' title='bbox 1207 4639 1366 4724; x_wconf 72' lang='lat' dir='ltr'><strong>‹tesola-</strong></span> <span class='ocrx_word' id='word_1_564' title='bbox 1504 4613 1570 4750; x_wconf 61' lang='lat' dir='ltr'><strong>itt</strong></span> <span class='ocrx_word' id='word_1_565' title='bbox 1585 4597 2006 4765; x_wconf 43' lang='lat' dir='ltr'><strong>institituit?</strong></span> <span class='ocrx_word' id='word_1_566' title='bbox 2026 4600 2332 4772; x_wconf 56' lang='lat' dir='ltr'><strong>tzalmam*</strong></span> <span class='ocrx_word' id='word_1_567' title='bbox 2354 4606 2487 4754; x_wconf 71' lang='lat' dir='ltr'><strong>tm:</strong></span> 
     </span>
     <span class='ocr_line' id='line_1_45' title="bbox 526 4732 2334 4861; baseline 0.005 -29"><span class='ocrx_word' id='word_1_568' title='bbox 526 4771 534 4779; x_wconf 82' lang='lat'><strong>‘</strong></span> <span class='ocrx_word' id='word_1_569' title='bbox 888 4759 1036 4846; x_wconf 66' lang='lat' dir='ltr'><strong>tionis?</strong></span> <span class='ocrx_word' id='word_1_570' title='bbox 1502 4775 1593 4856; x_wconf 70' lang='lat' dir='ltr'><strong>fletip</strong></span> <span class='ocrx_word' id='word_1_571' title='bbox 1614 4773 1703 4854; x_wconf 74' lang='lat' dir='ltr'><strong>dinp.</strong></span> <span class='ocrx_word' id='word_1_572' title='bbox 1750 4732 2053 4855; x_wconf 74' lang='lat' dir='ltr'><strong>listirpaturetiain</strong></span> <span class='ocrx_word' id='word_1_573' title='bbox 2077 4737 2334 4861; x_wconf 54' lang='lat' dir='ltr'><strong>desnpe1·bia.’</strong></span> 
     </span>
     <span class='ocr_line' id='line_1_46' title="bbox 1591 4857 2488 4944; baseline 0.01 -23"><span class='ocrx_word' id='word_1_574' title='bbox 1591 4857 1666 4921; x_wconf 85' lang='lat' dir='ltr'><strong>Nan</strong></span> <span class='ocrx_word' id='word_1_575' title='bbox 1683 4866 1756 4940; x_wconf 79' lang='lat' dir='ltr'><strong>rapi</strong></span> <span class='ocrx_word' id='word_1_576' title='bbox 1777 4879 1812 4920; x_wconf 86' lang='lat' dir='ltr'><strong>er</strong></span> <span class='ocrx_word' id='word_1_577' title='bbox 1828 4860 1938 4935; x_wconf 66' lang='lat' dir='ltr'><strong>itanu,</strong></span> <span class='ocrx_word' id='word_1_578' title='bbox 1962 4859 2086 4926; x_wconf 88' lang='lat' dir='ltr'><strong>idolum</strong></span> <span class='ocrx_word' id='word_1_579' title='bbox 2108 4861 2341 4944; x_wconf 84' lang='lat' dir='ltr'><strong>desolationis,</strong></span> <span class='ocrx_word' id='word_1_580' title='bbox 2366 4865 2403 4929; x_wconf 88' lang='lat' dir='ltr'><strong>id</strong></span> <span class='ocrx_word' id='word_1_581' title='bbox 2426 4873 2488 4943; x_wconf 80' lang='lat' dir='ltr'><strong>esi,</strong></span> 
     </span>
     <span class='ocr_line' id='line_1_47' title="bbox 559 4941 2488 5030; baseline 0.002 -22"><span class='ocrx_word' id='word_1_582' title='bbox 559 4941 690 5009; x_wconf 86' lang='lat' dir='ltr'><strong>Discite</strong></span> <span class='ocrx_word' id='word_1_583' title='bbox 711 4962 820 5029; x_wconf 77' lang='lat' dir='ltr'><strong>genos</strong></span> <span class='ocrx_word' id='word_1_584' title='bbox 842 4944 1022 5022; x_wconf 87' lang='lat' dir='ltr'><strong>sermonis,</strong></span> <span class='ocrx_word' id='word_1_585' title='bbox 1044 4943 1242 5028; x_wconf 83' lang='lat' dir='ltr'><strong>praesertim</strong></span> <span class='ocrx_word' id='word_1_586' title='bbox 1263 4943 1454 5009; x_wconf 87' lang='lat' dir='ltr'><strong>cumdera·</strong></span> <span class='ocrx_word' id='word_1_587' title='bbox 1505 4943 1635 5010; x_wconf 88' lang='lat' dir='ltr'><strong>faciens</strong></span> <span class='ocrx_word' id='word_1_588' title='bbox 1657 4946 1858 5026; x_wconf 85' lang='lat' dir='ltr'><strong>vastitatem,</strong></span> <span class='ocrx_word' id='word_1_589' title='bbox 1881 4943 1936 5011; x_wconf 84' lang='lat' dir='ltr'><strong>rei</strong></span> <span class='ocrx_word' id='word_1_590' title='bbox 1957 4947 2102 5012; x_wconf 83' lang='lat' dir='ltr'><strong>afferens</strong></span> <span class='ocrx_word' id='word_1_591' title='bbox 2123 4951 2327 5030; x_wconf 84' lang='lat' dir='ltr'><strong>vastitatem,</strong></span> <span class='ocrx_word' id='word_1_592' title='bbox 2359 4950 2425 5012; x_wconf 75' lang='lat' dir='ltr'><strong>das</strong></span> <span class='ocrx_word' id='word_1_593' title='bbox 2445 4949 2488 5012; x_wconf 75' lang='lat' dir='ltr'><strong>da</strong></span> 
     </span>
     <span class='ocr_line' id='line_1_48' title="bbox 473 5029 2486 5115; baseline 0.002 -20"><span class='ocrx_word' id='word_1_594' title='bbox 473 5031 537 5095; x_wconf 86' lang='lat' dir='ltr'><strong>bus</strong></span> <span class='ocrx_word' id='word_1_595' title='bbox 559 5031 712 5096; x_wconf 83' lang='lat' dir='ltr'><strong>maximis</strong></span> <span class='ocrx_word' id='word_1_596' title='bbox 734 5030 876 5096; x_wconf 86' lang='lat' dir='ltr'><strong>dicatur.</strong></span> <span class='ocrx_word' id='word_1_597' title='bbox 920 5029 1014 5096; x_wconf 89' lang='lat' dir='ltr'><strong>llaec</strong></span> <span class='ocrx_word' id='word_1_598' title='bbox 1040 5042 1112 5097; x_wconf 91' lang='lat' dir='ltr'><strong>tota</strong></span> <span class='ocrx_word' id='word_1_599' title='bbox 1141 5029 1260 5096; x_wconf 90' lang='lat' dir='ltr'><strong>concio</strong></span> <span class='ocrx_word' id='word_1_600' title='bbox 1288 5041 1342 5094; x_wconf 89' lang='lat' dir='ltr'><strong>est</strong></span> <span class='ocrx_word' id='word_1_601' title='bbox 1362 5049 1455 5115; x_wconf 89' lang='lat' dir='ltr'><strong>prae·</strong></span> <span class='ocrx_word' id='word_1_602' title='bbox 1506 5031 1624 5104; x_wconf 73' lang='lat' dir='ltr'><strong>amelii,</strong></span> <span class='ocrx_word' id='word_1_603' title='bbox 1665 5031 1743 5094; x_wconf 78' lang='lat' dir='ltr'><strong>dors</strong></span> <span class='ocrx_word' id='word_1_604' title='bbox 1778 5052 1813 5096; x_wconf 79' lang='lat' dir='ltr'><strong>cs</strong></span> <span class='ocrx_word' id='word_1_605' title='bbox 1850 5031 1988 5097; x_wconf 78' lang='lat' dir='ltr'><strong>innecii</strong></span> <span class='ocrx_word' id='word_1_606' title='bbox 2020 5033 2098 5095; x_wconf 77' lang='lat' dir='ltr'><strong>alies</strong></span> <span class='ocrx_word' id='word_1_607' title='bbox 2129 5043 2209 5099; x_wconf 75' lang='lat' dir='ltr'><strong>anst</strong></span> <span class='ocrx_word' id='word_1_608' title='bbox 2240 5037 2307 5101; x_wconf 76' lang='lat' dir='ltr'><strong>md</strong></span> <span class='ocrx_word' id='word_1_609' title='bbox 2339 5037 2404 5098; x_wconf 77' lang='lat' dir='ltr'><strong>ode</strong></span> <span class='ocrx_word' id='word_1_610' title='bbox 2436 5040 2486 5099; x_wconf 70' lang='lat' dir='ltr'><strong>ist.</strong></span> 
     </span>
     <span class='ocr_line' id='line_1_49' title="bbox 473 5114 2487 5226; baseline 0.005 -45"><span class='ocrx_word' id='word_1_611' title='bbox 473 5114 575 5220; x_wconf 75' lang='lat' dir='ltr'><strong>dictio</strong></span> <span class='ocrx_word' id='word_1_612' title='bbox 597 5115 833 5223; x_wconf 74' lang='lat' dir='ltr'><strong>calamitatum,</strong></span> <span class='ocrx_word' id='word_1_613' title='bbox 862 5129 896 5184; x_wconf 88' lang='lat' dir='ltr'><strong>et</strong></span> <span class='ocrx_word' id='word_1_614' title='bbox 918 5118 1170 5223; x_wconf 72' lang='lat' dir='ltr'><strong>distractionum</strong></span> <span class='ocrx_word' id='word_1_615' title='bbox 1191 5118 1351 5202; x_wconf 83' lang='lat' dir='ltr'><strong>postremi</strong></span> <span class='ocrx_word' id='word_1_616' title='bbox 1373 5132 1455 5223; x_wconf 82' lang='lat' dir='ltr'><strong>tern-</strong></span> <span class='ocrx_word' id='word_1_617' title='bbox 1504 5118 1621 5224; x_wconf 58' lang='lat' dir='ltr'><strong>dormi</strong></span> <span class='ocrx_word' id='word_1_618' title='bbox 1647 5120 1699 5180; x_wconf 79' lang='lat' dir='ltr'><strong>ein</strong></span> <span class='ocrx_word' id='word_1_619' title='bbox 1724 5118 1804 5200; x_wconf 77' lang='lat' dir='ltr'><strong>prob</strong></span> <span class='ocrx_word' id='word_1_620' title='bbox 1832 5119 1981 5224; x_wconf 58' lang='lat' dir='ltr'><strong>occupet.</strong></span> <span class='ocrx_word' id='word_1_621' title='bbox 2026 5117 2114 5224; x_wconf 73' lang='lat' dir='ltr'><strong>Olim</strong></span> <span class='ocrx_word' id='word_1_622' title='bbox 2141 5122 2224 5187; x_wconf 83' lang='lat' dir='ltr'><strong>Asia</strong></span> <span class='ocrx_word' id='word_1_623' title='bbox 2251 5120 2314 5226; x_wconf 75' lang='lat' dir='ltr'><strong>fuit</strong></span> <span class='ocrx_word' id='word_1_624' title='bbox 2336 5121 2487 5210; x_wconf 86' lang='lat' dir='ltr'><strong>pulcher·</strong></span> 
     </span>
     <span class='ocr_line' id='line_1_50' title="bbox 471 5202 2488 5382; baseline 0.004 -28"><span class='ocrx_word' id='word_1_625' title='bbox 471 5202 1456 5376; x_wconf 60' lang='lat' dir='ltr'><strong>tttttttttittttnt”titttitmttitttit</strong></span> <span class='ocrx_word' id='word_1_626' title='bbox 1506 5205 2134 5377; x_wconf 62' lang='lat' dir='ltr'><strong>titini”tiitd‘ttttsittttt</strong></span> <span class='ocrx_word' id='word_1_627' title='bbox 2155 5205 2488 5382; x_wconf 62' lang='grc' dir='ltr'><strong>ἧῖῗῖηὶῗεῖξέξῖ</strong></span> 
     </span>
     <span class='ocr_line' id='line_1_51' title="bbox 469 5371 2485 5463; baseline 0.002 -21"><span class='ocrx_word' id='word_1_628' title='bbox 469 5371 655 5463; x_wconf 75' lang='lat' dir='ltr'><strong>symbolo:</strong></span> <span class='ocrx_word' id='word_1_629' title='bbox 678 5375 782 5440; x_wconf 69' lang='lat' dir='ltr'><strong>trem</strong></span> <span class='ocrx_word' id='word_1_630' title='bbox 805 5395 872 5438; x_wconf 75' lang='lat' dir='ltr'><strong>ecee</strong></span> <span class='ocrx_word' id='word_1_631' title='bbox 893 5386 1034 5441; x_wconf 66' lang='lat' dir='ltr'><strong>terimam</strong></span> <span class='ocrx_word' id='word_1_632' title='bbox 1055 5376 1240 5439; x_wconf 76' lang='lat' dir='ltr'><strong>Ecclesium.</strong></span> <span class='ocrx_word' id='word_1_633' title='bbox 1270 5375 1456 5443; x_wconf 86' lang='lat' dir='ltr'><strong>istaeduae</strong></span> <span class='ocrx_word' id='word_1_634' title='bbox 1506 5375 1621 5444; x_wconf 87' lang='lat' dir='ltr'><strong>listac=</strong></span> <span class='ocrx_word' id='word_1_635' title='bbox 1639 5378 1673 5443; x_wconf 85' lang='lat' dir='ltr'><strong>iti</strong></span> <span class='ocrx_word' id='word_1_636' title='bbox 1695 5391 1760 5457; x_wconf 86' lang='lat' dir='ltr'><strong>est,</strong></span> <span class='ocrx_word' id='word_1_637' title='bbox 1783 5393 1934 5462; x_wconf 82' lang='lat' dir='ltr'><strong>tempora</strong></span> <span class='ocrx_word' id='word_1_638' title='bbox 1954 5377 2086 5444; x_wconf 85' lang='lat' dir='ltr'><strong>Traiani</strong></span> <span class='ocrx_word' id='word_1_639' title='bbox 2110 5378 2163 5445; x_wconf 83' lang='lat' dir='ltr'><strong>rel</strong></span> <span class='ocrx_word' id='word_1_640' title='bbox 2187 5381 2292 5447; x_wconf 84' lang='lat' dir='ltr'><strong>Marci</strong></span> <span class='ocrx_word' id='word_1_641' title='bbox 2315 5383 2485 5460; x_wconf 81' lang='lat' dir='ltr'><strong>Antonini,</strong></span> 
     </span>
     <span class='ocr_line' id='line_1_52' title="bbox 470 5460 2496 5548; baseline 0.003 -20"><span class='ocrx_word' id='word_1_642' title='bbox 470 5461 633 5529; x_wconf 80' lang='lat' dir='ltr'><strong>materiae</strong></span> <span class='ocrx_word' id='word_1_643' title='bbox 666 5460 721 5526; x_wconf 90' lang='lat' dir='ltr'><strong>hic</strong></span> <span class='ocrx_word' id='word_1_644' title='bbox 761 5474 958 5528; x_wconf 82' lang='lat' dir='ltr'><strong>tractantur.</strong></span> <span class='ocrx_word' id='word_1_645' title='bbox 1014 5462 1052 5528; x_wconf 90' lang='lat' dir='ltr'><strong>ln</strong></span> <span class='ocrx_word' id='word_1_646' title='bbox 1080 5463 1310 5548; x_wconf 82' lang='lat' dir='ltr'><strong>praedictione</strong></span> <span class='ocrx_word' id='word_1_647' title='bbox 1338 5476 1392 5529; x_wconf 86' lang='lat' dir='ltr'><strong>est</strong></span> <span class='ocrx_word' id='word_1_648' title='bbox 1412 5463 1455 5530; x_wconf 82' lang='lat' dir='ltr'><strong>da</strong></span> <span class='ocrx_word' id='word_1_649' title='bbox 1506 5463 1663 5530; x_wconf 81' lang='lat' dir='ltr'><strong>lobannis</strong></span> <span class='ocrx_word' id='word_1_650' title='bbox 1687 5463 1802 5530; x_wconf 89' lang='lat' dir='ltr'><strong>habuit</strong></span> <span class='ocrx_word' id='word_1_651' title='bbox 1829 5464 2005 5530; x_wconf 87' lang='lat' dir='ltr'><strong>florentem</strong></span> <span class='ocrx_word' id='word_1_652' title='bbox 2034 5464 2231 5532; x_wconf 77' lang='lat' dir='ltr'><strong>Ecclesiam.</strong></span> <span class='ocrx_word' id='word_1_653' title='bbox 2276 5467 2378 5534; x_wconf 85' lang='lat' dir='ltr'><strong>Nune</strong></span> <span class='ocrx_word' id='word_1_654' title='bbox 2407 5471 2496 5536; x_wconf 62' lang='lat' dir='ltr'><strong>este</strong></span> 
     </span>
     <span class='ocr_line' id='line_1_53' title="bbox 474 5547 2487 5641; baseline 0.001 -25"><span class='ocrx_word' id='word_1_655' title='bbox 474 5547 722 5616; x_wconf 82' lang='lat' dir='ltr'><strong>calamitatibus</strong></span> <span class='ocrx_word' id='word_1_656' title='bbox 748 5552 912 5636; x_wconf 85' lang='lat' dir='ltr'><strong>postremi</strong></span> <span class='ocrx_word' id='word_1_657' title='bbox 941 5552 1112 5636; x_wconf 86' lang='lat' dir='ltr'><strong>temporis.</strong></span> <span class='ocrx_word' id='word_1_658' title='bbox 1162 5549 1335 5638; x_wconf 77' lang='lat' dir='ltr'><strong>Cogitate,</strong></span> <span class='ocrx_word' id='word_1_659' title='bbox 1356 5571 1454 5636; x_wconf 88' lang='lat' dir='ltr'><strong>quam</strong></span> <span class='ocrx_word' id='word_1_660' title='bbox 1507 5563 1559 5615; x_wconf 87' lang='lat' dir='ltr'><strong>est</strong></span> <span class='ocrx_word' id='word_1_661' title='bbox 1579 5549 1749 5618; x_wconf 83' lang='lat' dir='ltr'><strong>stabulum</strong></span> <span class='ocrx_word' id='word_1_662' title='bbox 1770 5549 1935 5617; x_wconf 87' lang='lat' dir='ltr'><strong>latronum</strong></span> <span class='ocrx_word' id='word_1_663' title='bbox 1956 5551 2187 5633; x_wconf 76' lang='lat' dir='ltr'><strong>Tureicorum,</strong></span> <span class='ocrx_word' id='word_1_664' title='bbox 2208 5573 2320 5641; x_wconf 88' lang='lat' dir='ltr'><strong>neque</strong></span> <span class='ocrx_word' id='word_1_665' title='bbox 2341 5567 2422 5621; x_wconf 90' lang='lat' dir='ltr'><strong>sunt</strong></span> <span class='ocrx_word' id='word_1_666' title='bbox 2443 5553 2487 5619; x_wconf 89' lang='lat' dir='ltr'><strong>ibl</strong></span> 
     </span>
     <span class='ocr_line' id='line_1_54' title="bbox 471 5634 2488 5730; baseline 0.001 -27"><span class='ocrx_word' id='word_1_667' title='bbox 471 5637 580 5704; x_wconf 80' lang='lat' dir='ltr'><strong>tristia</strong></span> <span class='ocrx_word' id='word_1_668' title='bbox 601 5657 669 5705; x_wconf 78' lang='lat' dir='ltr'><strong>vox</strong></span> <span class='ocrx_word' id='word_1_669' title='bbox 690 5636 748 5716; x_wconf 85' lang='lat' dir='ltr'><strong>sit,</strong></span> <span class='ocrx_word' id='word_1_670' title='bbox 769 5635 862 5724; x_wconf 83' lang='lat' dir='ltr'><strong>quod</strong></span> <span class='ocrx_word' id='word_1_671' title='bbox 882 5635 1007 5723; x_wconf 86' lang='lat' dir='ltr'><strong>inquit,</strong></span> <span class='ocrx_word' id='word_1_672' title='bbox 1037 5635 1142 5699; x_wconf 69' lang='lat' dir='ltr'><strong>Tabai</strong></span> <span class='ocrx_word' id='word_1_673' title='bbox 1163 5637 1372 5700; x_wconf 63' lang='lat' dir='ltr'><strong>numanam</strong></span> <span class='ocrx_word' id='word_1_674' title='bbox 1391 5655 1455 5700; x_wconf 77' lang='lat' dir='ltr'><strong>aar</strong></span> <span class='ocrx_word' id='word_1_675' title='bbox 1507 5634 1692 5718; x_wconf 73' lang='lat' dir='ltr'><strong>amane,</strong></span> <span class='ocrx_word' id='word_1_676' title='bbox 1712 5649 1751 5705; x_wconf 87' lang='lat' dir='ltr'><strong>ut</strong></span> <span class='ocrx_word' id='word_1_677' title='bbox 1776 5634 1857 5704; x_wconf 85' lang='lat' dir='ltr'><strong>olim</strong></span> <span class='ocrx_word' id='word_1_678' title='bbox 1883 5649 1979 5706; x_wconf 85' lang='lat' dir='ltr'><strong>eraut</strong></span> <span class='ocrx_word' id='word_1_679' title='bbox 1999 5635 2140 5712; x_wconf 70' lang='lat' dir='ltr'><strong>multae,</strong></span> <span class='ocrx_word' id='word_1_680' title='bbox 2166 5659 2277 5727; x_wconf 84' lang='lat' dir='ltr'><strong>neque</strong></span> <span class='ocrx_word' id='word_1_681' title='bbox 2306 5653 2389 5710; x_wconf 85' lang='lat' dir='ltr'><strong>sunt</strong></span> <span class='ocrx_word' id='word_1_682' title='bbox 2408 5638 2488 5730; x_wconf 86' lang='lat' dir='ltr'><strong>poli·</strong></span> 
     </span>
    </p>
   </div>
   <div class='ocr_carea' id='block_1_6' title="bbox 0 0 2972 6709">
    <p class='ocr_par' dir='ltr' id='par_1_6' title="bbox 0 0 2972 6709">
     <span class='ocr_line' id='line_1_55' title="bbox 0 0 2972 6709; baseline 0 3"><span class='ocrx_word' id='word_1_683' title='bbox 0 0 2972 6709; x_wconf 95' lang='lat' dir='ltr'><strong> </strong></span> 
     </span>
    </p>
   </div>
  </div>
 </body>
</html>
