5934 6709
1141 712 1256 781 PHIL.
1277 712 1383 781 MEL·
1404 709 1593 781 SCRIPTA
1614 708 1878 779 EXEGETICA.
2451 713 2517 780 112

498 718 560 786 111

583 903 800 991 Respondeo.
826 902 969 969 ¹Verum
1003 916 1071 977 est:
1104 902 1199 970 solus
1232 901 1327 969 Deus
1361 914 1414 969 est
1446 903 1480 966 in
1530 898 1690 979 habitam,
1713 900 1810 964 iussit
1831 918 1907 966 eum
1929 901 2107 985 suspendi:
2129 913 2162 966 et
2174 914 2265 968 recte
2276 895 2374 982 lecit,
2382 903 2460 989 quia
2470 904 2517 971 ad

497 990 658 1057 inlinitum
670 991 874 1069 misericors,
896 1002 929 1054 et
951 1011 1014 1054 nos
1036 988 1118 1055 nihil
1139 989 1279 1075 perlecti
1301 989 1480 1064 habentus:
1518 987 1704 1070 'superiora
1726 982 1847 1051 delicta
1875 989 2056 1052 accedebat
2078 984 2277 1071 petulantia,
2305 1001 2339 1054 et
2367 1001 2516 1056 contem·

497 1078 558 1142 sed
580 1074 742 1162 particula
775 1078 860 1142 sistet
891 1096 957 1140 non
986 1075 1152 1162 significat
1185 1073 1417 1160 aequalitatem
1447 1077 1481 1139 in
1532 1082 1609 1154 ptus
1631 1072 1857 1156 magistratus.
1912 1071 1955 1137 Et
1988 1084 2040 1138 cst
2072 1070 2194 1160 alioqui
2227 1075 2315 1157 apud
2348 1073 2516 1143 iuriscon-

498 1160 716 1248 perfectione,
751 1162 812 1227 sed
846 1162 1013 1248 significat
1046 1160 1174 1226 similes
1208 1181 1360 1227 caussas.
1404 1162 1481 1227 Non
1532 1156 1642 1221 sultos
1664 1154 1797 1244 regula:
1821 1158 1918 1236 Quod
1936 1161 2057 1225 malitia
2076 1165 2226 1243 suppleat
2244 1170 2394 1228 aetmmn.
2437 1163 2516 1229 Non

498 1249 618 1314 dicitur
639 1247 695 1312 hic
718 1249 760 1313 de
779 1249 939 1334 gradihus
962 1245 1189 1332 perfectionis,
1212 1250 1274 1313 sed
1290 1250 1333 1313 de
1349 1248 1481 1313 caussis
1533 1240 1654 1310 suisset
1675 1241 1732 1309 ille
1755 1261 1954 1326 suspensuS,
1975 1247 2004 1309 si
2027 1246 2178 1311 modeste
2195 1247 2397 1330 deprecatus
2421 1261 2517 1316 esset

496 1334 754 1413 misericordiae,
779 1354 864 1420 quae
887 1335 1010 1398 debent
1031 1353 1110 1398 esse
1132 1331 1274 1410 similes:
1296 1336 1373 1419 quia
1384 1333 1480 1399 Deus
1533 1327 1665 1414 culpam
1698 1330 1895 1408 admissam,
1929 1342 1962 1394 et
1983 1333 2192 1415 promisisset
2221 1352 2259 1397 se
2282 1333 2458 1401 honestius
2481 1345 2516 1401 et

497 1433 550 1486 est
570 1418 691 1507 regula
714 1420 879 1485 virtutum.
1531 1412 1721 1502 diligentius
1743 1428 1910 1480 recturum
1932 1436 2056 1481 mores.

584 1504 727 1571 Possum
751 1506 862 1570 dicere
885 1505 1001 1570 iudici:
1031 1504 1087 1570 Sis
1108 1507 1228 1583 iustus,
1257 1504 1344 1569 siout
1371 1501 1479 1583 Deus,
1617 1499 1862 1566 blaximilianus
1907 1503 2032 1586 primus
2083 1501 2230 1569 habebat
2280 1505 2517 1589 Secretarium,

495 1589 664 1676 loquendo
687 1591 727 1655 de
751 1592 890 1656 caussis
947 1590 1043 1656 Deus
1076 1590 1304 1656 misericordia
1336 1587 1481 1655 afficitur
1531 1606 1629 1672 quern
1651 1586 1809 1672 diligebat
1831 1599 1968 1674 propter
1989 1587 2188 1675 elegantiam
2211 1611 2340 1657 manus.
2388 1590 2422 1657 ls
2445 1593 2516 1659 imi·

496 1699 533 1742 er
557 1699 578 1742 a
600 1696 707 1763 genus
730 1674 908 1741 humanum
936 1674 1085 1762 lapsum,
1118 1677 1180 1741 sed
1207 1695 1276 1741 uon
1298 1695 1380 1762 erga
1400 1674 1480 1740 Dia·
1531 1683 1620 1738 tatus
1643 1672 1901 1758 chirographum
1922 1671 2153 1759 imperatoris,
2182 1677 2234 1742 bis
2257 1688 2349 1744 terre
2370 1677 2516 1763 impera·

497 1698 612 1839 bolos:
635 1763 711 1849 quia
727 1782 871 1827 caussae
888 1774 967 1827 sunt
989 1764 1156 1840 diversae,
1178 1782 1265 1847 quae
1286 1762 1481 1826 discernunt
1532 1760 1614 1824 toris
1647 1759 1781 1823 nomine
1813 1759 1998 1844 scripserat
2035 1761 2077 1825 ad
2111 1760 2266 1829 iacobum
2292 1763 2516 1847 Fuccharum,

494 1851 580 1915 inter
603 1846 844 1928 crudelitatem,
866 1849 1144 1928 misericordiam,
1176 1860 1210 1913 et
1231 1845 1479 1934 indulgentiam.
1531 1854 1565 1909 et
1587 1844 1660 1930 ipse
1681 1841 1796 1909 literas
1827 1844 2011 1924 obtulerat,
2045 1844 2221 1930 postulans
2254 1848 2380 1936 aliquot
2410 1849 2516 1918 millia

493 1934 606 2001 Debet
640 1934 739 1998 iudex
771 1931 910 1999 afficere
944 1933 1108 2019 supplicio
1143 1945 1277 2012 sontes,
1312 1935 1368 2018 qui
1396 1944 1480 2013 ¹sunt
1530 1950 1708 1996 aureorum
1742 1941 1867 1995 mutuo.
1932 1929 2138 2012 Fuceharus,
2172 1955 2247 2000 curn
2276 1934 2381 2002 semel
2414 1947 2516 2023 atque

495 2018 720 2097 insanabiles:
752 2039 872 2086 rursus
906 2020 1005 2085 debet
1037 2021 1189 2105 mitigare
1211 2040 1371 2104 poenam,
1404 2038 1480 2104 pro·
1530 2017 1648 2081 iterum
1671 2017 1820 2095 dedisset
1840 2018 2036 2102 pecuniam,
2070 2024 2262 2104 suspicatus
2295 2032 2349 2088 est
2380 2025 2515 2090 tandem

495 2117 572 2193 pter
605 2107 766 2170 rationem
799 2103 1016 2189 probabilem.
1083 2108 1116 2171 Si
1156 2117 1257 2172 nocet
1291 2105 1390 2170 alicui
1422 2115 1481 2169 aut
1530 2098 1653 2186 aliquid
1674 2100 1802 2168 fraudis
1836 2104 1992 2168 subesse.
2049 2100 2150 2169 Venit
2181 2107 2282 2193 igitur
2303 2108 2347 2173 ad
2368 2106 2513 2195 lmpera·

494 2193 603 2278 perdit
625 2212 699 2257 eum
721 2191 794 2257 sine
815 2193 903 2257 iusta
918 2212 1054 2269 caussa,
1076 2202 1127 2256 est
1145 2189 1302 2257 crudelis.
1327 2191 1364 2256 Si
1385 2211 1478 2277 pror·
1531 2197 1654 2266 torem,
1693 2199 1724 2253 et
1760 2185 2017 2275 chirographum
2055 2192 2084 2255 ei
2118 2188 2281 2273 exhibuit,
2318 2196 2407 2279 quod
2438 2216 2513 2262 cum

494 2297 556 2342 sus
578 2299 645 2342 non
668 2279 761 2362 punit
783 2275 981 2357 sceleratos,
1002 2289 1120 2361 peccat
1141 2277 1357 2361 indulgentia.
1530 2273 1671 2339 vidisset
1691 2273 1902 2359 imperator:
1925 2278 2031 2353 Haec,
2063 2277 2185 2362 iuquit,
2216 2289 2307 2346 certe
2327 2291 2379 2346 eat
2397 2301 2514 2349 matuta

1530 2379 1615 2443 mea3
1637 2363 1763 2443 meando
1783 2380 1860 2426 cero
1880 2364 2086 2444 suspectum,
2110 2371 2227 2431 nesam.
2275 2365 2370 2431 lubet
2396 2369 2514 2434 vocari

1530 2446 1771 2525 secretarium,
1798 2458 1832 2511 et
1852 2447 2036 2531 interrogat
2056 2468 2150 2513 eum:
2181 2453 2368 2519 Portastt'uc
2393 2461 2429 2518 tu
2453 2455 2515 2520 ltac

1516 2551 1634 2613 ‚meum
1654 2531 1904 2617 clriroprapdrnn
1935 2535 2072 2599 Iacobo?
2093 2538 2239 2619 Portant,
2270 2538 2376 2624 inquit
2397 2537 2513 2604 Sacra

1530 2617 1645 2683 tarius.
1691 2620 1740 2683 An
1767 2640 1810 2684 ee
1831 2621 1996 2701 mandato,
2029 2620 2150 2705 inquit,
2182 2623 2386 2707 Imperator?
2426 2622 2513 2691 'Ihm

1530 2703 1740 2769 Secretarius
1764 2724 2014 2789 expavescens,
2046 2718 2078 2770 et
2099 2708 2279 2791 procidens
2300 2722 2379 2775 ante
2401 2730 2514 2796 genua

1529 2788 1758 2873 imperatoris,
1790 2791 1904 2873 petivit
1931 2792 2070 2855 veniam.
2120 2792 2305 2878 imperator
2326 2808 2513 2863 commotus

1530 2876 1699 2960 precibus,
1732 2877 1859 2941 remisit
1880 2874 1930 2941 illi
1950 2875 2096 2958 lactum,
2131 2890 2165 2944 et
2187 2880 2282 2947 dixit:
2316 2885 2434 2964 Adeas,
2454 2901 2514 2950 aaa

1529 2969 1708 3028 revertaris
1728 2965 1882 3044 deinceps
1903 2970 1938 3029 tn
1954 2983 2026 3028 mea
2047 2983 2158 3045 repra.

1615 3046 1793 3133 Euripides
1814 3049 1907 3114 dicit:
1929 3050 2077 3115 Incidere
2099 3056 2133 3116 t'u
2155 3059 2336 3136 sapientem
2353 3060 2513 3138 victorem,

1529 3142 1580 3198 est
1599 3152 1750 3214 mapuum
1771 3134 1894 3201 bonum.
1939 3133 2115 3220 Sapientes
2139 3139 2199 3203 viri
2219 3147 2298 3204 suut
2318 3139 2513 3205 misericor·

491 3218 577 3291 Quia
600 3237 666 3282 non
689 3218 865 3283 miseretur
898 3215 1044 3297 Diaboli,
1077 3219 1139 3285 sed
1171 3220 1279 3304 perdit
1307 3240 1382 3286 eum
1405 3220 1479 3286 sine
1530 3220 1603 3298 des,
1625 3219 1701 3306 quia
1723 3220 1846 3299 vident,
1868 3220 1926 3287 ubi
1948 3221 1992 3286 sit
2018 3224 2230 3305 parcendum.
2281 3220 2425 3309 Garplus
2447 3224 2512 3291 lm·

490 3303 706 3370 remissione:
728 3315 762 3368 et
783 3315 893 3369 tamen
914 3303 1085 3371 ho'ruiuum
1106 3304 1293 3371 miseretur.
1528 3316 1675 3391 perator,
1696 3307 1826 3372 etiamsi
1847 3328 1931 3373 usus
1954 3319 2006 3372 est
2027 3312 2207 3376 severitate
2227 3310 2392 3376 adversus
2415 3309 2512 3377 Priu-

576 3388 779 3476 llespondeo
811 3390 856 3454 ad
888 3387 1077 3456 Minorem:
1110 3394 1238 3458 Diodoti
1269 3401 1303 3457 et
1332 3395 1478 3460 hommes
1529 3391 1621 3478 cipes
1644 3389 1861 3468 Gennauiac3
1883 3405 1993 3459 tamen
2014 3395 2206 3461 moderatus
2229 3408 2283 3461 est
2302 3397 2395 3462 iram.
2430 3395 2512 3464 Scio

491 3496 557 3543 non
578 3484 656 3541 suut
674 3479 836 3557 aequales.
881 3473 1063 3542 Peccatum
1084 3474 1221 3544 Diaboli
1249 3487 1302 3541 est
1324 3476 1478 3563 blasphc·
1527 3477 1561 3542 in
1595 3479 1716 3543 castris
1749 3479 1814 3564 ipsi
1845 3500 1925 3544 esse
1956 3501 2109 3560 suasum,
2141 3492 2177 3548 ut
2208 3482 2335 3548 iuberet
2369 3481 2513 3548 interfici

489 3563 566 3626 mia.
632 3559 792 3627 Homines
824 3572 1007 3646 peccarunt
1043 3560 1245 3628 infirmitate.
1311 3561 1478 3630 Differunt
1527 3562 1658 3629 Ducem
1680 3562 1860 3630 iohannem
1892 3565 2110 3647 Fridcricum,
2142 3568 2205 3632 sed
2236 3587 2304 3633 non
2337 3564 2442 3635 voluit
2462 3567 2512 3635 utl

489 3657 601 3713 autem
624 3643 699 3711 blus
722 3646 831 3711 hemia
853 3657 887 3711 et
907 3645 1094 3712 iufirmitas.
1134 3648 1213 3713 ideo
1236 3668 1311 3714 cum
1333 3669 1478 3716 caussae
1527 3647 1586 3714 illa
1608 3669 1736 3715 summa
1757 3653 1947 3717 severitate.
1981 3650 2131 3718 Alterum
2155 3666 2368 3739 praeceptum
2389 3657 2424 3720 iu
2443 3650 2512 3719 hoc

488 3734 555 3797 sint
577 3668 768 3809 dissimiles,
791 3733 964 3818 exequitur
984 3731 1079 3798 Deus
1103 3735 1315 3801 severissime
1335 3755 1479 3822 poenam
1528 3745 1621 3803 textu
1643 3746 1711 3801 est:
1733 3740 1837 3805 Nolite
1858 3741 2012 3804 iudicare.
2052 3738 2145 3806 item:
2166 3739 2274 3807 Nolite
2283 3745 2510 3809 condemnare.

489 3820 655 3883 adversus
688 3816 894 3899 Diabolum,
937 3831 971 3885 ct
1010 3821 1119 3904 parcit
1158 3823 1275 3908 generi
1319 3822 1478 3902 humano,

488 3905 686 3988 praesertim
714 3901 800 3968 Filio
827 3903 892 3970 Dei
924 3905 1149 3972 intercedente
1181 3928 1242 3994 pro
1276 3905 1476 3986 bominibus,

489 4001 524 4055 et
546 3990 718 4057 derivante
739 3992 772 4055 in
796 3991 950 4057 sciram.

575 4076 701 4141 Eadem
724 4088 777 4141 est
800 4080 991 4162 responsio,
1013 4079 1042 4142 si
1064 4080 1139 4163 quis
1162 4078 1313 4145 obiiciat:

628 4202 732 4263 Virtus
752 4201 846 4263 dcdct
865 4218 939 4264 esse
959 4200 1014 4263 nu
1031 4203 1163 4264 smalto:

617 4287 688 4349 Non
709 4290 809 4365 ipttur
840 4287 977 4351 debebat
1005 4304 1079 4376 esse
1099 4283 1193 4349 Deus
1224 4292 1278 4350 sut
1307 4285 1476 4351 damnus

661 4370 697 4433 tn
718 4370 1057 4441 animamarum,
1079 4379 1114 4436 ot
1131 4372 1319 4454 recurrendo
1339 4372 1474 4437 huniae.

586 2642 696 2744 Quid
730 2644 951 2754 respondes
990 2643 1044 2725 ad
1081 2659 1385 2754 argumentum:

663 2827 793 2890 lustitia
813 2829 874 2891 dat
891 2827 1038 2908 aequalia
1059 2829 1262 2908 aequalibus:

665 2931 755 2995 unu
774 2948 841 2995 non
861 2931 919 2993 dat
940 2928 1089 3012 aequalia
1103 2930 1305 3011 aequantes:

664 3033 751 3112 Erpa
773 3039 824 3096 est
851 3038 886 3096 tu
908 3050 947 3096 eo
969 3020 1239 3116 pronepotepst'a?

1526 4118 1600 4200 Ad
1637 4119 1749 4230 quod
1792 4136 2055 4233 praeceptum
2095 4123 2289 4235 Decalogi
2333 4124 2512 4235 pertinet

1824 4276 1903 4357 hoc
1933 4276 2209 4361 mandatum?

574 4502 790 4654 Respondeo.
836 4504 990 4573 Caussae
1011 4502 1139 4572 iaciunt
1166 4503 1472 4574 dissimilitudinem.

420 4648 428 4663 ,
488 4588 624 4657 Diaboli
661 4604 782 4657 uerunt
809 4590 994 4677 blasphemi
1022 4594 1064 4658 ab
1086 4593 1190 4658 initio.
1244 4593 1353 4658 Homo
1376 4593 1474 4659 dece·

487 4688 564 4763 ptus
588 4698 610 4742 a
631 4673 796 4757 Diabolo,
830 4675 945 4762 lapsus
974 4689 1044 4760 est,
1078 4690 1112 4744 et
1133 4675 1237 4745 Filius
1263 4678 1329 4744 Dei
1357 4680 1473 4764 depre-

488 4774 584 4829 catus
618 4775 670 4828 est
702 4786 765 4849 pro
800 4783 925 4851 genere
951 4762 1114 4844 humano,
1147 4777 1182 4831 et
1216 4762 1337 4831 obtulit
1368 4785 1407 4832 se
1429 4764 1473 4830 ad

358 4916 360 4921 ,
487 4846 761 4916 satisfaciendum
783 4852 854 4916 irae
875 4848 950 4916 Dei.
1001 4850 1060 4917 Sic
1081 4849 1244 4936 Princeps
1271 4852 1372 4917 debet
1394 4869 1473 4916 essa

486 4936 679 5000 misericors
708 4935 873 5021 probabili
899 4938 1037 5003 ratione.
1094 4935 1220 5002 Contra
1252 4938 1354 5003 debet
1384 4939 1413 5002 ri

486 5040 557 5087 rem
589 5023 732 5088 iustitiae
765 5042 942 5104 exercere,
985 5045 1062 5092 oum
1093 5043 1161 5090 uon
1195 5034 1248 5090 est
1286 5026 1427 5110 probabi
1443 5024 1471 5087 's

488 5126 609 5173 caussa
630 5109 852 5196 mitigationis.

574 5193 708 5279 Lipsiae
742 5208 812 5260 erat
845 5193 1063 5276 adolescens,
1097 5197 1152 5282 qui
1188 5192 1297 5260 fuerat
1329 5191 1467 5261 iuratus.

489 5279 519 5342 is
542 5282 654 5345 stabat
676 5281 710 5346 in
732 5282 865 5359 iudicio,
887 5293 922 5347 et
943 5283 1074 5347 ridebat
1094 5282 1236 5348 iudicem
1260 5303 1334 5348 cum
1356 5300 1470 5347 asses·

1611 4470 1759 4547 Pertinet
1798 4475 1841 4539 ad
1874 4488 2111 4559 praeceptum:
2156 4481 2227 4544 Non
2267 4479 2355 4543 dices
2385 4482 2510 4561 sabran

1526 4561 1750 4626 testimonium.
1795 4560 2009 4647 Sequiturna:
2448 4582 2453 4593 ·

1658 4679 1807 4746 Christus
1823 4683 1974 4764 madidet
1995 4683 2048 4748 laic
2069 4684 2203 4748 iudicia:

1652 4784 1740 4865 Erpa
1776 4785 1912 4850 damnat
1941 4786 2065 4851 iudices
2097 4795 2131 4852 et
2166 4792 2401 4868 moptstratus,
2426 4791 2510 4854 roua

1619 4950 1627 4966 ,
1693 4905 1820 4969 poenas
1840 4893 2006 4970 maturata,
2039 4891 2146 4955 about
2164 4890 2378 4956 ndnutem'um
2399 4892 2506 4956 Euan·

1690 4994 1786 5072 pern,
1826 4998 1859 5056 et
1896 4998 1931 5057 tn
1962 4992 2028 5059 otta
2057 5000 2189 5076 prtoatc
2223 4998 2388 5077 praeapte
2425 4996 2506 5058 ordre·

1693 5081 1856 5168 tatmnes‘l

1550 5348 1553 5353 ,
1606 5280 1683 5347 Nou
1705 5281 1859 5368 prohibet
1871 5280 2025 5349 Christus
2046 5283 2166 5350 iudicia
2194 5285 2347 5350 ordinata
2369 5305 2390 5349 a
2411 5283 2503 5352 Deo:

486 5367 633 5431 scribus.
696 5368 928 5442 Quaerebatur
959 5388 1002 5434 ex
1035 5387 1095 5447 eo,
1135 5372 1184 5435 Aa
1216 5388 1281 5435 non
1312 5376 1472 5435 metueret
1519 5368 1582 5433 sed
1608 5366 1764 5453 prohibet
1795 5371 1982 5436 inordinata
2013 5370 2144 5436 iudicia.
2199 5369 2318 5436 Omnia
2351 5372 2505 5439 ordinata

486 5458 572 5518 ottae
591 5453 694 5520 suae?
748 5453 1001 5541 Respondebat:
1039 5455 1145 5532 Quare
1165 5459 1363 5522 metuerem?
1395 5474 1468 5520 cum
1518 5454 1640 5521 iudicia
1672 5467 1750 5521 sunt
1782 5457 1901 5524 iudicia
1933 5454 2017 5536 Dei,
2057 5456 2133 5522 ideo
2171 5457 2257 5524 hacc
2289 5478 2358 5525 nou
2390 5459 2505 5543 probi·

485 5546 604 5618 mans,
641 5543 728 5624 quod
761 5562 826 5608 non
864 5540 1010 5611 medeam
1045 5560 1096 5606 me
1132 5545 1291 5626 supplicio
1322 5542 1467 5624 afficere,
1518 5541 1649 5608 bantur.

482 5637 622 5711 propter
641 5631 901 5697 messeanam.
954 5626 1059 5694 ludex
1091 5638 1171 5714 post
1197 5626 1469 5694 deliberationem
