5934 6709
528 785 572 854 rr
1152 748 1408 876 tamnen·
1421 784 1610 859 somma
1628 784 1893 857 manca
1927 803 1931 812 ·
2483 796 2528 867 as

528 974 657 1062 aliquot
682 973 863 1041 auditores.
917 974 966 1041 lta
992 975 1061 1041 iam
1086 975 1172 1041 inter
1200 960 1264 1042 nos
1291 971 1384 1041 multi
1413 986 1500 1048 sunt,

529 1062 586 1148 qui
606 1072 685 1128 sunt
706 1080 804 1128 unum
825 1061 860 1126 in
879 1057 967 1128 Deo.

548 1407 684 1492 Proba
715 1436 874 1519 semper
903 1434 991 1490 εεεε
1021 1404 1198 1491 suturam
1229 1406 1474 1493 Ecclesiam?

614 1588 825 1674 Respondeo.
865 1587 977 1654 Probo
1000 1586 1370 1675 exarticuloSymholi:
1395 1588 1498 1663 stede

527 1672 701 1737 Emhricra
724 1672 941 1753 &thaliam-
972 1672 1070 1741 Ιιειιιι
1101 1673 1223 1737 Portae
1249 1675 1416 1752 inscrcrroa
1436 1695 1500 1737 aon

523 1759 753 1843 metere
787 1757 880 1825 ltemr
900 1758 976 1822 Not
991 1766 1092 1821 ειεειιι
1109 1758 1281 1821 abirem
1296 1752 1372 1822 dtas.
1405 1758 1498 1848 Ergo

527 1863 661 1929 semper
692 1855 770 1910 sunt
802 1842 903 1948 aliqui
930 1842 1043 1910 eleotiz
1077 1856 1111 1911 et
1138 1864 1208 1910 seru
1232 1866 1270 1910 er
1295 1845 1357 1910 erit
1378 1842 1499 1931 aliquis

528 1941 645 1996 coetus
668 1942 760 1996 recte
782 1942 948 2009 sentiens,
975 1929 1073 1995 etiam
1095 1929 1179 1995 sim
1214 1931 1293 1995 tiiu
1314 1930 1379 1996 hoo
1401 1940 1499 1996 coetu

527 2025 605 2082 aunt
633 2011 797 2102 languidi,
831 2025 864 2081 et
889 2017 998 2084 minus
1026 2013 1113 2083 lucis
1139 2011 1278 2081 habent.
1311 2025 1420 2081 ιειιιειι
1441 2013 1500 2080 ille

528 2112 645 2166 coatus
673 2101 736 2166 erit
761 2120 847 2167 unus
872 2100 906 2167 iu
928 2099 1014 2166 Deo.
1057 2098 1123 2173 Qui
1144 2111 1198 2166 εει
1218 2097 1355 2181 docilis,
1376 2102 1407 2167 is
1429 2121 1499 2166 rna·

526 2198 584 2252 net
604 2188 784 2251 membrum
805 2183 903 2252 huius
926 2196 1053 2252 coetus.

612 2270 710 2338 Hunc
739 2284 773 2358 ty
798 2293 852 2336 um
882 2271 1092 2338 considerate
1118 2279 1254 2356 propter
1280 2282 1398 2336 nostra
1419 2282 1499 2336 tern-

424 2395 426 2398 >
548 2377 621 2437 ,ιιι
664 2356 760 2422 Ροιιιί
787 2375 844 2423 cea
872 2375 961 2423 nunc
988 2367 1066 2422 snut
1092 2355 1265 2421 saducaei.
1309 2355 1393 2421 Sunt
1413 2375 1499 2440 pene

556 2432 677 2522 thnici,
700 2444 732 2508 id
755 2453 825 2521 est,
851 2437 1017 2515 manifesti
1044 2429 1255 2506 idololatrae.
1299 2439 1435 2506 Plurimi
1456 2462 1499 2506 ex

526 2524 628 2613 vulgo
661 2539 740 2594 sunt
771 2526 937 2612 Epicurei.
991 2522 1059 2592 Alii
1078 2526 1165 2592 inter
1187 2545 1267 2605 eos,
1298 2546 1498 2613 quamquam

515 2614 623 2698 'pauci
645 2625 723 2679 sunt.
743 2612 934 2691 Pharisaei,
956 2614 990 2677 id
1010 2621 1076 2691 est,
1096 2612 1153 2697 qui
1173 2611 1262 2676 serio
1283 2623 1399 2695 putant
1419 2631 1498 2678 asse

525 2695 650 2784 aliquid
672 2717 753 2764 suas
775 2699 1042 2783 superstitiones.

612 2782 650 2848 Sl
672 2785 745 2867 quis
768 2783 912 2848 venitin
934 2778 1077 2859 ltaliam,
1100 2792 1135 2846 ει
1156 2780 1235 2845 dicit
1256 2782 1498 2847 emendanda·

526 2886 604 2932 esse
625 2864 836 2954 religionem,
859 2881 891 2933 et
912 2877 1005 2933 recte
1027 2866 1213 2931 docendum
1234 2866 1276 2930 de
1297 2865 1391 2944 Deo,
1412 2868 1498 2932 deri·

499 2954 641 3029 ‘detur3
676 2954 826 3039 quamvis
859 2964 893 3019 ει
923 2955 957 3018 in
991 2949 1172 3016 Germania
1200 2962 1278 3016 sunt
1303 2948 1395 3017 multi
1420 2951 1497 3038 Epi·

525 3057 833 3197 ourellicamosdc
852 3132 970 3187 nostro
992 3133 1097 3187 coetu.
1147 3120 1184 3186 ln
1210 3120 1277 3186 hoc
1298 3123 1397 3186 etiam
1419 3134 1497 3187 ειιιιι

527 3205 618 3273 multi
641 3206 831 3287 Pharisaei,
860 3208 915 3294 qui
936 3204 1061 3272 hahent
1082 3226 1163 3273 suas
1185 3206 1440 3272 ohservationes
1462 3218 1497 3272 et

523 3295 682 3400 ineptias,
706 3302 739 3359 et
761 3313 906 3371 errores,
921 3293 983 3357 sed
1005 3311 1126 3378 magna
1145 3311 1225 3442 gers
1249 3302 1301 3357 est
1321 3291 1495 3378 Epicurea.

522 3376 592 3444 att.
613 3390 691 3445 aunt
712 3379 891 3445 saducaei:
913 3375 1014 3463 aliqui
1028 3388 1137 3442 ιειιιειι
1177 3379 1277 3443 abent
1293 3378 1385 3443 initia
1403 3380 1497 3456 fidei,

523 3465 666 3539 retinent
693 3463 916 3547 incorruptam
944 3463 1126 3527 doctrinam
1147 3459 1337 3546 Evangelii,
1366 3465 1496 3529 etiamsi

523 3548 649 3616 hebent
681 3567 762 3613 suas
795 3547 1012 3614 infirmitates.
1071 3545 1138 3610 lsta
1171 3547 1300 3611 debetis
1334 3549 1495 3633 cogitare,

523 3645 561 3783 gt
584 3630 764 3782 qeploretis
785 3633 847 3699 has
868 3632 1036 3712 miserias,
1058 3642 1092 3697 at
1112 3628 1287 3697 includatis
1309 3650 1372 3697 vos
1394 3652 1494 3699 verae

553 3740 594 3787 cc
608 3720 708 3786 asiae.
1111 3755 1113 3758 ·

524 4046 648 4133 Estne
678 4077 842 4135 necesse
872 4051 982 4153 scire,
1013 4047 1094 4153 uhi,
1124 4059 1168 4130 et
1197 4047 1374 4158 quaesit
1396 4076 1494 4130 vera

464 4176 466 4180 Α
651 4203 826 4288 Ecclesia
856 4216 900 4286 et
928 4225 972 4285 se
1001 4203 1109 4285 illam
1139 4200 1368 4283 includere?

534 4454 540 4486 2
587 4400 821 4487 respondeo.
865 4400 927 4465 lta:
965 4398 1050 4473 Quia
1077 4395 1234 4465 Psalmus
1262 4399 1351 4464 dicit:
1397 4399 1495 4464 Umua

523 4487 584 4552 loc
599 4490 782 4570 propiorem,
814 4484 1007 4549 athabitana
1032 4487 1065 4546 ia
1092 4485 1186 4547 domo
1215 4483 1353 4547 Domini.
1396 4486 1493 4551 item:

523 4572 637 4646 Beati,
658 4575 713 4655 qui
732 4579 804 4633 saort
819 4571 963 4652 plantabi
983 4572 1016 4632 ira
1038 4571 1130 4632 domo
1151 4569 1290 4633 Donra'ui.
1341 4570 1428 4645 Quid
1449 4573 1494 4636 si·

524 4654 659 4745 gnificat
686 4655 843 4741 plantati?
886 4656 951 4731 Qui
981 4655 1016 4721 in
1046 4652 1235 4723 Ecclesiam
1261 4666 1340 4721 sunt
1367 4657 1493 4735 inserti,

1552 973 1685 1041 Graeca
1705 976 1841 1061 antiqua
1861 976 2008 1062 phrasis,
2025 996 2091 1065 qua
2112 974 2238 1044 Paulus
2258 981 2371 1060 utitur,
2391 981 2526 1048 Incerta

1550 1062 1672 1124 muriae
1689 1059 1787 1142 Rapis
1806 1060 1950 1124 Persici.-
1976 1061 2010 1127 td
2032 1072 2101 1128 esta
2130 1062 2254 1126 liciat
2274 1065 2342 1127 siclt
2362 1068 2524 1149 mooun,

1552 1147 2039 1299 ⁰⁸²⁶?“titsrtttl.tzi‘
2059 1145 2524 1305 didicistis?
2594 1191 2597 1197 ’

1552 1249 1709 1394 mltos,
1737 1316 1798 1382 sed
1826 1313 1916 1382 illam
1944 1279 2168 1403 arrogantiam
2196 1283 2371 1387 cominiur
2390 1284 2524 1391 teudoni

1551 1399 1725 1467 manifesta
1745 1399 1888 1474 infamia,
1912 1403 1988 1487 quia
2003 1402 2098 1468 Deus
2119 1405 2212 1490 punit
2232 1407 2371 1471 abusum
2392 1410 2445 1474 sui
2465 1430 2523 1476 no·

1551 1486 1657 1551 minis.
1701 1485 1848 1553 Peccaut
1868 1501 1986 1553 contra
2006 1500 2235 1574 praeceptum:
2262 1491 2335 1553 Non
2355 1495 2524 1575 usurpatis

1551 1591 1658 1633 nomen
1674 1570 1805 1633 Douriai
1820 1592 1914 1634 oum:
1934 1572 2048 1639 dicunt
2064 1592 2103 1638 se
2119 1576 2244 1641 moveri
2263 1578 2521 1659 moriturarum

1551 1667 1747 1723 moveantar
1766 1657 1838 1722 suis
1860 1658 2104 1744 cupiditatibus.

1687 2029 1911 2099 Domitios
1936 2032 1959 2134 l.
1987 2032 2103 2101 POST
2124 2033 2381 2104 TRllll'l'A'l'lS.

1780 2184 2054 2273 Evangelium
2075 2188 2208 2256 Lucae
2231 2187 2288 2255 lo.

1756 2338 1857 2402 Homo
1882 2340 2010 2423 qmdam
2037 2349 2106 2404 erat
2131 2342 2235 2414 dices,
2256 2350 2316 2407 cic.

1634 2524 1671 2589 ln
1696 2525 1763 2590 hac
1789 2529 1979 2593 narratione
2004 2523 2177 2612 multiplex
2205 2541 2258 2594 est
2280 2530 2447 2607 doctrinm
2474 2534 2521 2596 vi·

1549 2608 1689 2688 delicet,
1717 2608 1912 2679 Consolatio
1938 2615 1981 2678 de
2008 2612 2170 2679 seandalo
2197 2616 2326 2694 crucis,
2355 2617 2445 2701 quod
2468 2636 2522 2683 aa·

1548 2716 1684 2760 rumnae
1707 2716 1774 2761 non
1795 2699 1861 2762 sint
1883 2699 1983 2785 signa
2003 2699 2209 2778 abiectioris,
2226 2711 2259 2764 ει
2276 2701 2366 2785 quod
2383 2715 2521 2785 propter

1550 2779 1754 2846 calamitates
1787 2802 1855 2846 non
1888 2784 1931 2847 sit
1962 2783 2180 2850 deliciandum
2206 2806 2228 2850 a
2253 2784 2336 2850 Deo.
2390 2785 2522 2854 Deinde

1547 2865 1694 2948 pictura,
1717 2865 1823 2951 qualis
1844 2868 1888 2931 sit
1909 2865 2062 2934 Ecclesia
2083 2871 2116 2933 iu
2138 2868 2306 2936 haesita:
2339 2869 2438 2949 item,
2461 2892 2520 2938 cur

1548 2951 1592 3016 sit
1617 2952 1768 3018 subiecta
1796 2955 1904 3028 cruci3
1934 2963 1967 3019 et
1993 2975 2079 3039 quae
2104 2954 2171 3019 sint
2199 2974 2301 3020 verae
2323 2953 2521 3023 consolatio·

1547 3053 1626 3099 nest
1658 3034 1854 3116 Praeterea,
1886 3039 1976 3122 quod
2007 3039 2075 3105 vita
2106 3040 2234 3123 piorum
2264 3042 2470 3109 custodiatur
2496 3064 2518 3108 a

1547 3119 1641 3200 Deo,
1662 3131 1696 3186 ει
1716 3123 1806 3206 quod
1827 3123 1957 3187 animae
1978 3126 2075 3189 etiam
2097 3125 2131 3188 in
2153 3135 2258 3190 morte
2281 3126 2346 3190 sint
2368 3126 2443 3193 Deo
2465 3150 2521 3195 ou·

1547 3224 1615 3272 rae.
1648 3205 1711 3270 Est
1727 3219 1761 3272 ει
1783 3209 1934 3275 doctrina
1954 3205 2009 3273 hic
2031 3211 2154 3275 tradita
2174 3212 2217 3276 do
2237 3221 2326 3275 statu
2350 3208 2520 3278 heatomr‘n

1546 3292 1580 3356 in
1600 3289 1707 3358 altera
1727 3294 1807 3374 vita,
1830 3308 1863 3360 et
1880 3293 1922 3358 de
1939 3296 2057 3379 poenis
2075 3295 2312 3362 damnatorum.
2347 3296 2519 3364 Postremo

1545 3378 1736 3523 {l’qsohreipto
1763 3381 1886 3458 verbo,
1915 3399 1991 3447 cum
2020 3382 2155 3449 diditur:
2187 3381 2312 3444 Habeat
2334 3383 2458 3456 Mosen,
2488 3391 2520 3445 et

1631 3547 1702 3612 Hae
1724 3546 1893 3613 materiae
1902 3550 1948 3611 ita
1969 3559 2047 3613 sunt
2068 3546 2218 3630 amplae,
2240 3561 2364 3612 utnon
2386 3554 2518 3634 possint

1546 3649 1663 3694 omnes
1691 3629 1864 3714 explicari,
1893 3635 2021 3707 etiamsi
2049 3643 2152 3696 toturn
2174 3651 2321 3696 mensem
2343 3635 2440 3697 nobis
2462 3656 2517 3699 su·

1545 3733 1709 3779 meremus
1729 3715 1773 3778 ad
1795 3734 1854 3779 eas
1875 3717 2078 3780 tractandas.
2120 3714 2192 3779 Nos
2210 3715 2434 3783 Grammatica
2452 3719 2518 3802 pri·

1544 3819 1649 3876 mum,
1670 3810 1807 3884 propter
1827 3797 2080 3878 adolescentes,
2103 3801 2324 3867 recitabimus.

1817 4129 1915 4214 Erat
1943 4131 2067 4214 horno
2098 4131 2238 4219 dives?

1631 4308 1718 4383 Quid
1739 4310 1903 4397 significat
1925 4312 2050 4390 dicul
2077 4311 2225 4378 Crassus
2259 4313 2340 4380 dixit
2371 4317 2516 4376 moenem

1545 4414 1610 4456 aare
1636 4396 1873 4473 dicitaa‚‚nisi
1892 4397 2009 4479 portet
2028 4400 2150 4481 integro
2180 4419 2261 4460 uano
2288 4399 2371 4460 clare
2398 4404 2517 4462 exord·

1546 4488 1616 4543 troo.
1660 4482 1729 4548 Sed
1750 4483 1837 4548 iuste
1858 4495 1911 4548 est
1932 4481 2155 4568 reprehensus
2176 4486 2218 4550 ab
2242 4487 2416 4562 omnibus3
2439 4487 2516 4589 quia

1544 4562 1636 4632 alere
1669 4569 1848 4633 exercitum
1881 4587 1948 4633 non
1975 4579 2027 4633 est
2053 4570 2172 4653 privati
2202 4567 2353 4634 hominis.
2409 4569 2517 4636 Etiam

1543 4651 1688 4737 imperiis
1717 4650 1851 4717 difficile
1879 4665 1931 4717 est
1958 4648 2049 4718 alere
2076 4657 2251 4720 exercitus.
2303 4654 2385 4719 Cum
2413 4653 2515 4720 lulius

523 4743 611 4811 siout
642 4744 783 4809 arbores
820 4753 854 4810 at
893 4741 996 4808 flores
1032 4742 1221 4808 inseruntur
1258 4740 1293 4805 in
1330 4739 1492 4809 hortulos.
1517 4748 1522 4808 ι
1544 4734 1671 4803 Caesar
1698 4739 1845 4804 venisset
1872 4737 2010 4803 Romam
2038 4751 2115 4824 post
2141 4736 2256 4826 sugam
2278 4739 2443 4824 Pompeii,
2467 4744 2515 4804 in·

489 4886 495 4893 .
524 4826 622 4893 item:
646 4828 708 4898 Qui
726 4848 789 4890 aon
811 4827 936 4910 callipit
955 4847 1084 4899 ιιιεειιιιι,
1142 4830 1149 4846 ’
1217 4829 1277 4908 pit.
1320 4826 1383 4893 Est
1402 4849 1493 4894 man·

525 4912 635 4978 datum
666 4912 815 4992 Domini,
845 4924 882 4978 ut
910 4912 1013 4977 simus
1041 4913 1133 4978 cives
1177 4910 1354 4993 eclesiae,
1387 4916 1492 4978 simus

523 4999 638 5063 inserti
658 4994 737 5062 hnic
759 4999 883 5078 coetui,
916 4999 972 5083 qui
999 5010 1052 5063 est
1078 5018 1158 5063 vera
1184 4994 1355 5078 Ecclesia,
1387 4999 1492 5065 simus

523 5082 678 5150 nnumin
700 5081 785 5148 Deo.
829 5080 977 5148 Discatis
999 5103 1081 5170 ergo
1102 5085 1175 5162 hie,
1202 5101 1307 5171 quae,
1329 5098 1362 5149 ct
1383 5084 1491 5171 qualis

523 5169 567 5233 sit
598 5165 770 5246 Ecclesia,
804 5180 850 5272 et⁸
863 5165 1015 5272 qualibus
1049 5169 1252 5235 exercitibus
1284 5171 1328 5234 sit
1357 5170 1493 5235 circum·

523 5271 760 5401 sessaEcilliiiii
780 5254 884 5409 hiblist
902 5252 1391 5424 miquiphiiiehm‘rsmum
1414 5351 1493 5406 sunt

523 5418 740 5498 idololatrae3
764 5423 796 5486 2
823 5417 991 5489 Pharisaei
1019 5437 1052 5489 et
1079 5423 1265 5508 Saduoaeis
1289 5423 1321 5490 3.
1344 5424 1493 5490 Fanatici

523 5517 558 5574 et
577 5504 827 5574 Enthuaiastioi=
849 5508 891 5574 de
912 5511 1032 5594 quibus
1052 5508 1157 5595 inquit
1176 5506 1317 5575 Paulus:
1339 5510 1493 5573 Incedunt

522 5594 557 5654 ra
576 5592 746 5657 Moatra
772 5592 968 5675 modorum
997 5593 1148 5661 hetam
1174 5592 1344 5661 mirabiles
1364 5607 1491 5682 raptus,

523 5686 557 5743 at
576 5687 693 5766 tegant
712 5676 864 5747 honestis
880 5676 1159 5765 appellationibus
1174 5696 1238 5747 tna
1254 5678 1394 5748 scelera
1429 5680 1492 5748 Eat

1543 4823 1685 4889 venitin
1708 4827 1836 4888 aerario
1857 4823 1901 4889 60
1923 4837 2045 4890 tonnas
2065 4827 2154 4905 auri,
2181 4839 2215 4890 ει
2236 4837 2344 4890 ιειιιειι
2367 4837 2436 4891 ιοιε
2457 4823 2516 4892 illa

1544 4910 1702 4994 pecunia?
1714 4910 1876 4993 insumpta
1906 4911 2020 4975 estin
2049 4908 2182 4976 bellum.
2238 4910 2347 4994 Saepe
2377 4923 2515 4977 coactus

1544 5004 1596 5073 est
1617 5004 1729 5060 mutuo
1752 4995 1905 5078 accipere
1926 4997 2099 5080 pecaniam
2122 5018 2143 5061 a
2165 4997 2236 5061 suis
2258 4998 2514 5062 centurionibus.

1544 5077 1605 5143 Est
1625 5081 1855 5165 proverbium,
1876 5083 2005 5163 πόλεμος
2028 5082 2060 5146 ori
2080 5089 2185 5166 μέτρια
2207 5084 2297 5162 [queit
2325 5080 2432 5144 bellurn
2453 5103 2515 5144 nort

1544 5165 1641 5229 alitur
1661 5166 1849 5245 moderatis,
1876 5165 1948 5247 vel,
1981 5175 2067 5232 certo
2096 5165 2200 5248 aliquo
2230 5174 2361 5246 sumpta.
2412 5164 2514 5249 Krieq

1543 5251 1586 5312 ist
1607 5254 1658 5313 ein
1678 5252 1834 5315 conones
1855 5252 1942 5334 disy.
1975 5252 2135 5318 Videmus
2153 5263 2268 5316 nostra
2285 5263 2396 5318 aetate
2416 5255 2515 5318 etiam

1543 5339 1680 5405 summis
1725 5336 1916 5404 Monarchis
1954 5337 2099 5403 deiicere
2136 5349 2300 5421 sumptum
2340 5339 2373 5402 in
2414 5335 2513 5403 bella.

1541 5421 1666 5487 Noster
1685 5423 1865 5510 Imperator
1881 5424 2055 5489 admodum
2072 5419 2245 5508 frugaliter
2263 5419 2384 5488 bellurn
2397 5424 2513 5508 gessit,

1542 5517 1576 5573 El
1597 5519 1706 5575 lamen
1728 5530 1830 5595 saepe
1852 5520 1990 5575 coactus
2012 5520 2065 5574 est
2091 5520 2203 5573 mutuo
2230 5508 2384 5592 accipere
2412 5529 2513 5594 pecli·

1525 5592 1628 5660 niam
1648 5614 1670 5659 a
1691 5596 1843 5661 subditis.
1892 5590 1971 5658 linx
1997 5591 2191 5675 Mauritius,
2219 5613 2294 5660 cum
2320 5592 2367 5661 Pa
2432 5613 2512 5661 oon·

1541 5680 1679 5748 citasset
1699 5677 1822 5747 bellum
1842 5677 1877 5744 iu
1899 5675 2024 5759 Gallia,
2047 5678 2144 5745 dixit:
2172 5677 2230 5743 der
2249 5677 2351 5744 Podst
2412 5685 2426 5739 t
2446 5698 2512 5744 aer·
