<?xml version="1.0" encoding="UTF-8"?>
<!DOCTYPE html PUBLIC "-//W3C//DTD XHTML 1.0 Transitional//EN"
    "http://www.w3.org/TR/xhtml1/DTD/xhtml1-transitional.dtd">
<html xmlns="http://www.w3.org/1999/xhtml" xml:lang="en" lang="en">
 <head>
  <title>
</title>
<meta http-equiv="Content-Type" content="text/html;charset=utf-8" />
  <meta name='ocr-system' content='tesseract 3.04.00' />
  <meta name='ocr-capabilities' content='ocr_page ocr_carea ocr_par ocr_line ocrx_word'/>
</head>
<body>
  <div class='ocr_page' id='page_1' title='image "./philippimelanth06melagoog/philippimelanth06melagoog_0168.png"; bbox 0 0 5934 6709; ppageno 0'>
   <div class='ocr_carea' id='block_1_1' title="bbox 786 655 2495 996">
    <p class='ocr_par' dir='ltr' id='par_1_1' title="bbox 786 655 2495 996">
     <span class='ocr_line' id='line_1_1' title="bbox 1166 655 2495 731; baseline 0.006 -8"><span class='ocrx_word' id='word_1_1' title='bbox 1166 655 1387 725; x_wconf 77' lang='lat' dir='ltr'><strong>POSTthA</strong></span> <span class='ocrx_word' id='word_1_2' title='bbox 1407 656 1806 727; x_wconf 79' lang='lat' dir='ltr'><strong>hlELANTHONlANA.</strong></span> <span class='ocrx_word' id='word_1_3' title='bbox 2426 660 2495 731; x_wconf 72' lang='grc'><strong>314</strong></span> 
     </span>
     <span class='ocr_line' id='line_1_2' title="bbox 786 843 2494 996; baseline 0.004 -85"><span class='ocrx_word' id='word_1_4' title='bbox 786 844 848 911; x_wconf 88' lang='lat' dir='ltr'><strong>DE</strong></span> <span class='ocrx_word' id='word_1_5' title='bbox 876 843 1146 913; x_wconf 80' lang='lat' dir='ltr'><strong>LAURENTIO.</strong></span> <span class='ocrx_word' id='word_1_6' title='bbox 1596 846 1703 914; x_wconf 87' lang='lat' dir='ltr'><strong>Etiam</strong></span> <span class='ocrx_word' id='word_1_7' title='bbox 1730 845 1831 996; x_wconf 84' lang='lat' dir='ltr'><strong>poulo</strong></span> <span class='ocrx_word' id='word_1_8' title='bbox 1861 850 2091 933; x_wconf 85' lang='lat' dir='ltr'><strong>superioribus</strong></span> <span class='ocrx_word' id='word_1_9' title='bbox 2122 850 2327 934; x_wconf 80' lang='lat' dir='ltr'><strong>temporibus</strong></span> <span class='ocrx_word' id='word_1_10' title='bbox 2360 852 2393 916; x_wconf 94' lang='lat' dir='ltr'><strong>in</strong></span> <span class='ocrx_word' id='word_1_11' title='bbox 2426 851 2494 919; x_wconf 90' lang='lat' dir='ltr'><strong>hie·</strong></span> 
     </span>
    </p>
   </div>
   <div class='ocr_carea' id='block_1_2' title="bbox 1510 933 2493 1280">
    <p class='ocr_par' dir='ltr' id='par_1_2' title="bbox 1510 933 2493 1280">
     <span class='ocr_line' id='line_1_3' title="bbox 1510 933 2491 1014; baseline 0.003 -15"><span class='ocrx_word' id='word_1_12' title='bbox 1510 934 1642 1000; x_wconf 89' lang='lat' dir='ltr'><strong>rarchia</strong></span> <span class='ocrx_word' id='word_1_13' title='bbox 1664 933 1733 999; x_wconf 90' lang='lat' dir='ltr'><strong>Ecc</strong></span> <span class='ocrx_word' id='word_1_14' title='bbox 1749 936 1906 1001; x_wconf 88' lang='lat' dir='ltr'><strong>esiastica</strong></span> <span class='ocrx_word' id='word_1_15' title='bbox 1927 935 2069 1000; x_wconf 89' lang='lat' dir='ltr'><strong>Diaconi</strong></span> <span class='ocrx_word' id='word_1_16' title='bbox 2097 948 2209 1014; x_wconf 90' lang='lat' dir='ltr'><strong>erant,</strong></span> <span class='ocrx_word' id='word_1_17' title='bbox 2262 958 2378 1001; x_wconf 91' lang='lat' dir='ltr'><strong>uorum</strong></span> <span class='ocrx_word' id='word_1_18' title='bbox 2407 958 2491 1002; x_wconf 87' lang='lat' dir='ltr'><strong>usus</strong></span> 
     </span>
     <span class='ocr_line' id='line_1_4' title="bbox 1511 958 2490 1111; baseline -0.001 -25"><span class='ocrx_word' id='word_1_19' title='bbox 1511 1032 1583 1086; x_wconf 89' lang='lat' dir='ltr'><strong>crat</strong></span> <span class='ocrx_word' id='word_1_20' title='bbox 1598 1024 1632 1086; x_wconf 91' lang='lat' dir='ltr'><strong>in</strong></span> <span class='ocrx_word' id='word_1_21' title='bbox 1655 1031 1844 1106; x_wconf 87' lang='lat' dir='ltr'><strong>quaestura,</strong></span> <span class='ocrx_word' id='word_1_22' title='bbox 1876 1023 2056 1111; x_wconf 82' lang='lat' dir='ltr'><strong>intuendo</strong></span> <span class='ocrx_word' id='word_1_23' title='bbox 2089 1024 2219 1088; x_wconf 83' lang='lat' dir='ltr'><strong>aerario</strong></span> <span class='ocrx_word' id='word_1_24' title='bbox 2237 958 2490 1088; x_wconf 64' lang='lat' dir='ltr'><strong>Ecclesiastico.</strong></span> 
     </span>
     <span class='ocr_line' id='line_1_5' title="bbox 1510 1105 2492 1194; baseline 0.005 -24"><span class='ocrx_word' id='word_1_25' title='bbox 1510 1105 1590 1171; x_wconf 90' lang='lat' dir='ltr'><strong>ltem</strong></span> <span class='ocrx_word' id='word_1_26' title='bbox 1616 1108 1649 1171; x_wconf 91' lang='lat' dir='ltr'><strong>in</strong></span> <span class='ocrx_word' id='word_1_27' title='bbox 1677 1108 1900 1173; x_wconf 76' lang='lat' dir='ltr'>consistoriis:</span> <span class='ocrx_word' id='word_1_28' title='bbox 1933 1107 2080 1174; x_wconf 87' lang='lat' dir='ltr'><strong>Fuerunt</strong></span> <span class='ocrx_word' id='word_1_29' title='bbox 2112 1110 2174 1174; x_wconf 91' lang='lat' dir='ltr'><strong>viri</strong></span> <span class='ocrx_word' id='word_1_30' title='bbox 2207 1110 2297 1174; x_wconf 87' lang='lat' dir='ltr'><strong>docti</strong></span> <span class='ocrx_word' id='word_1_31' title='bbox 2331 1121 2365 1174; x_wconf 93' lang='lat' dir='ltr'><strong>et</strong></span> <span class='ocrx_word' id='word_1_32' title='bbox 2396 1129 2492 1194; x_wconf 89' lang='lat' dir='ltr'><strong>prae·</strong></span> 
     </span>
     <span class='ocr_line' id='line_1_6' title="bbox 1510 1195 2493 1280; baseline 0.004 -25"><span class='ocrx_word' id='word_1_33' title='bbox 1510 1204 1656 1257; x_wconf 83' lang='lat' dir='ltr'><strong>stantes:</strong></span> <span class='ocrx_word' id='word_1_34' title='bbox 1678 1195 1753 1259; x_wconf 91' lang='lat' dir='ltr'><strong>ideo</strong></span> <span class='ocrx_word' id='word_1_35' title='bbox 1775 1196 1824 1259; x_wconf 90' lang='lat' dir='ltr'><strong>eis</strong></span> <span class='ocrx_word' id='word_1_36' title='bbox 1847 1204 1881 1259; x_wconf 88' lang='lat' dir='ltr'><strong>et</strong></span> <span class='ocrx_word' id='word_1_37' title='bbox 1902 1196 2044 1278; x_wconf 78' lang='lat' dir='ltr'><strong>pecudia</strong></span> <span class='ocrx_word' id='word_1_38' title='bbox 2076 1206 2110 1260; x_wconf 92' lang='lat' dir='ltr'><strong>et</strong></span> <span class='ocrx_word' id='word_1_39' title='bbox 2142 1197 2278 1280; x_wconf 84' lang='lat' dir='ltr'><strong>negotia</strong></span> <span class='ocrx_word' id='word_1_40' title='bbox 2310 1195 2493 1261; x_wconf 89' lang='lat' dir='ltr'><strong>credebau-</strong></span> 
     </span>
    </p>
   </div>
   <div class='ocr_carea' id='block_1_3' title="bbox 711 1278 2493 1452">
    <p class='ocr_par' dir='ltr' id='par_1_3' title="bbox 711 1278 2493 1452">
     <span class='ocr_line' id='line_1_7' title="bbox 711 1278 2493 1402; baseline -0.01 -41"><span class='ocrx_word' id='word_1_41' title='bbox 711 1300 811 1402; x_wconf 69' lang='lat' dir='ltr'><strong>Qujfl</strong></span> <span class='ocrx_word' id='word_1_42' title='bbox 841 1299 919 1383; x_wconf 63' lang='lat' dir='ltr'><strong>fujq</strong></span> <span class='ocrx_word' id='word_1_43' title='bbox 949 1278 1221 1384; x_wconf 40' lang='lat' dir='ltr'><strong>[paul-emine?</strong></span> <span class='ocrx_word' id='word_1_44' title='bbox 1511 1288 1587 1342; x_wconf 70' lang='lat' dir='ltr'><strong>turc</strong></span> <span class='ocrx_word' id='word_1_45' title='bbox 1620 1284 1698 1345; x_wconf 85' lang='lat' dir='ltr'><strong>Mon</strong></span> <span class='ocrx_word' id='word_1_46' title='bbox 1724 1290 1843 1384; x_wconf 75' lang='lat' dir='ltr'><strong>neaptc</strong></span> <span class='ocrx_word' id='word_1_47' title='bbox 1874 1287 1925 1384; x_wconf 72' lang='lat' dir='ltr'><strong>riq</strong></span> <span class='ocrx_word' id='word_1_48' title='bbox 1954 1280 2219 1367; x_wconf 83' lang='lat' dir='ltr'><strong>consistoriales.</strong></span> <span class='ocrx_word' id='word_1_49' title='bbox 2276 1284 2340 1347; x_wconf 82' lang='lat' dir='ltr'><strong>Eia</strong></span> <span class='ocrx_word' id='word_1_50' title='bbox 2372 1286 2493 1346; x_wconf 80' lang='lat' dir='ltr'><strong>carlers</strong></span> 
     </span>
     <span class='ocr_line' id='line_1_8' title="bbox 1511 1365 2491 1452; baseline 0.001 -23"><span class='ocrx_word' id='word_1_51' title='bbox 1511 1365 1848 1446; x_wconf 83' lang='lat' dir='ltr'><strong>wureaScholastrci,</strong></span> <span class='ocrx_word' id='word_1_52' title='bbox 1871 1388 1926 1452; x_wconf 85' lang='lat' dir='ltr'><strong>qur</strong></span> <span class='ocrx_word' id='word_1_53' title='bbox 1949 1381 2043 1431; x_wconf 90' lang='lat' dir='ltr'><strong>erant</strong></span> <span class='ocrx_word' id='word_1_54' title='bbox 2061 1366 2223 1432; x_wconf 87' lang='lat' dir='ltr'><strong>Oratores</strong></span> <span class='ocrx_word' id='word_1_55' title='bbox 2235 1366 2491 1445; x_wconf 84' lang='lat' dir='ltr'><strong>Canoniccrnm,</strong></span> 
     </span>
    </p>
   </div>
   <div class='ocr_carea' id='block_1_4' title="bbox 475 1018 1457 1156">
    <p class='ocr_par' dir='ltr' id='par_1_4' title="bbox 475 1018 1457 1156">
     <span class='ocr_line' id='line_1_9' title="bbox 475 1018 1457 1156; baseline -0.002 -28"><span class='ocrx_word' id='word_1_56' title='bbox 475 1042 1059 1156; x_wconf 80' lang='lat' dir='ltr'><strong>FragmentaHistoriae</strong></span> <span class='ocrx_word' id='word_1_57' title='bbox 1091 1043 1151 1126; x_wconf 91' lang='lat' dir='ltr'><strong>de</strong></span> <span class='ocrx_word' id='word_1_58' title='bbox 1173 1018 1457 1127; x_wconf 72' lang='lat' dir='ltr'><strong>haarentio.</strong></span> 
     </span>
    </p>
   </div>
   <div class='ocr_carea' id='block_1_5' title="bbox 474 1450 2493 2141">
    <p class='ocr_par' dir='ltr' id='par_1_5' title="bbox 474 1450 2493 2141">
     <span class='ocr_line' id='line_1_10' title="bbox 1126 1450 2492 1538; baseline 0.001 -24"><span class='ocrx_word' id='word_1_59' title='bbox 1126 1507 1132 1514; x_wconf 93' lang='lat'><strong>.</strong></span> <span class='ocrx_word' id='word_1_60' title='bbox 1511 1450 1705 1515; x_wconf 89' lang='lat' dir='ltr'><strong>dicebantur</strong></span> <span class='ocrx_word' id='word_1_61' title='bbox 1728 1472 1765 1517; x_wconf 87' lang='lat' dir='ltr'><strong>cs</strong></span> <span class='ocrx_word' id='word_1_62' title='bbox 1789 1455 1886 1519; x_wconf 71' lang='lat' dir='ltr'><strong>Cleri.</strong></span> <span class='ocrx_word' id='word_1_63' title='bbox 1938 1450 2066 1536; x_wconf 82' lang='lat' dir='ltr'><strong>Clarus,</strong></span> <span class='ocrx_word' id='word_1_64' title='bbox 2095 1465 2148 1518; x_wconf 88' lang='lat' dir='ltr'><strong>cst</strong></span> <span class='ocrx_word' id='word_1_65' title='bbox 2170 1476 2192 1518; x_wconf 91' lang='lat' dir='ltr'><strong>a</strong></span> <span class='ocrx_word' id='word_1_66' title='bbox 2208 1456 2333 1538; x_wconf 74' lang='grc' dir='ltr'><strong><em>κλῆρος,</em></strong></span> <span class='ocrx_word' id='word_1_67' title='bbox 2367 1455 2400 1517; x_wconf 94' lang='lat' dir='ltr'><strong>id</strong></span> <span class='ocrx_word' id='word_1_68' title='bbox 2428 1464 2492 1535; x_wconf 90' lang='lat' dir='ltr'><strong>est,</strong></span> 
     </span>
     <span class='ocr_line' id='line_1_11' title="bbox 560 1534 2492 1622; baseline 0.002 -23"><span class='ocrx_word' id='word_1_69' title='bbox 560 1534 763 1601; x_wconf 88' lang='lat' dir='ltr'><strong>Numeratur</strong></span> <span class='ocrx_word' id='word_1_70' title='bbox 794 1536 880 1601; x_wconf 90' lang='lat' dir='ltr'><strong>inter</strong></span> <span class='ocrx_word' id='word_1_71' title='bbox 900 1546 1077 1622; x_wconf 82' lang='lat' dir='ltr'><strong>martyres.</strong></span> <span class='ocrx_word' id='word_1_72' title='bbox 1132 1534 1207 1607; x_wconf 84' lang='lat' dir='ltr'><strong>Quo</strong></span> <span class='ocrx_word' id='word_1_73' title='bbox 1235 1555 1359 1621; x_wconf 79' lang='lat' dir='ltr'>genere</span> <span class='ocrx_word' id='word_1_74' title='bbox 1381 1555 1458 1621; x_wconf 89' lang='lat' dir='ltr'><strong>sup·</strong></span> <span class='ocrx_word' id='word_1_75' title='bbox 1512 1557 1608 1601; x_wconf 76' lang='lat' dir='ltr'><strong>sorsz</strong></span> <span class='ocrx_word' id='word_1_76' title='bbox 1641 1536 1719 1601; x_wconf 90' lang='lat' dir='ltr'><strong>hinc</strong></span> <span class='ocrx_word' id='word_1_77' title='bbox 1744 1540 1879 1618; x_wconf 75' lang='lat' dir='ltr'><strong>Clerici,</strong></span> <span class='ocrx_word' id='word_1_78' title='bbox 1912 1538 1947 1602; x_wconf 93' lang='lat' dir='ltr'><strong>id</strong></span> <span class='ocrx_word' id='word_1_79' title='bbox 1975 1549 2043 1618; x_wconf 90' lang='lat' dir='ltr'><strong>est,</strong></span> <span class='ocrx_word' id='word_1_80' title='bbox 2076 1536 2109 1604; x_wconf 95' lang='lat' dir='ltr'><strong>hi</strong></span> <span class='ocrx_word' id='word_1_81' title='bbox 2156 1541 2188 1604; x_wconf 93' lang='lat' dir='ltr'><strong>ui</strong></span> <span class='ocrx_word' id='word_1_82' title='bbox 2222 1552 2300 1605; x_wconf 91' lang='lat' dir='ltr'><strong>sunt</strong></span> <span class='ocrx_word' id='word_1_83' title='bbox 2332 1539 2366 1603; x_wconf 93' lang='lat' dir='ltr'><strong>in</strong></span> <span class='ocrx_word' id='word_1_84' title='bbox 2388 1550 2492 1604; x_wconf 85' lang='lat' dir='ltr'><strong>sorte.</strong></span> 
     </span>
     <span class='ocr_line' id='line_1_12' title="bbox 475 1562 2493 1711; baseline 0.001 -25"><span class='ocrx_word' id='word_1_85' title='bbox 475 1620 564 1710; x_wconf 86' lang='lat' dir='ltr'><strong>plicii</strong></span> <span class='ocrx_word' id='word_1_86' title='bbox 587 1620 729 1687; x_wconf 80' lang='lat' dir='ltr'><strong>affectus</strong></span> <span class='ocrx_word' id='word_1_87' title='bbox 750 1619 832 1686; x_wconf 75' lang='lat' dir='ltr'><strong>luit?</strong></span> <span class='ocrx_word' id='word_1_88' title='bbox 886 1620 1064 1706; x_wconf 86' lang='lat' dir='ltr'><strong>lmpositus</strong></span> <span class='ocrx_word' id='word_1_89' title='bbox 1097 1632 1150 1686; x_wconf 89' lang='lat' dir='ltr'><strong>est</strong></span> <span class='ocrx_word' id='word_1_90' title='bbox 1172 1620 1372 1702; x_wconf 75' lang='lat' dir='ltr'><strong>craticulae,</strong></span> <span class='ocrx_word' id='word_1_91' title='bbox 1405 1618 1461 1687; x_wconf 85' lang='lat' dir='ltr'><strong>vel</strong></span> <span class='ocrx_word' id='word_1_92' title='bbox 1511 1622 1860 1689; x_wconf 88' lang='lat' dir='ltr'><strong>Nominabantautem</strong></span> <span class='ocrx_word' id='word_1_93' title='bbox 1882 1636 2019 1703; x_wconf 83' lang='lat' dir='ltr'><strong>sortem,</strong></span> <span class='ocrx_word' id='word_1_94' title='bbox 2040 1562 2258 1705; x_wconf 77' lang='lat' dir='ltr'><strong>scholarum,</strong></span> <span class='ocrx_word' id='word_1_95' title='bbox 2279 1636 2408 1711; x_wconf 86' lang='lat' dir='ltr'><strong>partem</strong></span> <span class='ocrx_word' id='word_1_96' title='bbox 2431 1642 2493 1689; x_wconf 88' lang='lat' dir='ltr'><strong>seu</strong></span> 
     </span>
     <span class='ocr_line' id='line_1_13' title="bbox 475 1707 2493 1796; baseline 0.001 -21"><span class='ocrx_word' id='word_1_97' title='bbox 475 1731 560 1796; x_wconf 82' lang='lat' dir='ltr'><strong>rogo</strong></span> <span class='ocrx_word' id='word_1_98' title='bbox 584 1709 726 1786; x_wconf 81' lang='lat' dir='ltr'><strong>ardenti,</strong></span> <span class='ocrx_word' id='word_1_99' title='bbox 748 1710 835 1773; x_wconf 89' lang='lat' dir='ltr'><strong>sicut</strong></span> <span class='ocrx_word' id='word_1_100' title='bbox 858 1709 955 1773; x_wconf 88' lang='lat' dir='ltr'><strong>etiam</strong></span> <span class='ocrx_word' id='word_1_101' title='bbox 977 1709 1133 1793; x_wconf 83' lang='lat' dir='ltr'><strong>pingitur.</strong></span> <span class='ocrx_word' id='word_1_102' title='bbox 1184 1707 1328 1773; x_wconf 84' lang='lat' dir='ltr'><strong>Veteres</strong></span> <span class='ocrx_word' id='word_1_103' title='bbox 1356 1710 1459 1792; x_wconf 89' lang='lat' dir='ltr'><strong>picto·</strong></span> <span class='ocrx_word' id='word_1_104' title='bbox 1512 1720 1644 1775; x_wconf 92' lang='lat' dir='ltr'><strong>coetum</strong></span> <span class='ocrx_word' id='word_1_105' title='bbox 1666 1710 1852 1776; x_wconf 89' lang='lat' dir='ltr'><strong>ordinatum</strong></span> <span class='ocrx_word' id='word_1_106' title='bbox 1870 1711 1913 1775; x_wconf 91' lang='lat' dir='ltr'><strong>ad</strong></span> <span class='ocrx_word' id='word_1_107' title='bbox 1941 1711 2168 1778; x_wconf 88' lang='lat' dir='ltr'><strong>ministerium.</strong></span> <span class='ocrx_word' id='word_1_108' title='bbox 2214 1716 2397 1796; x_wconf 72' lang='lat' dir='ltr'><strong>auertere,</strong></span> <span class='ocrx_word' id='word_1_109' title='bbox 2430 1714 2493 1778; x_wconf 81' lang='lat' dir='ltr'><strong>tlaa</strong></span> 
     </span>
     <span class='ocr_line' id='line_1_14' title="bbox 475 1794 2492 1881; baseline 0 -19"><span class='ocrx_word' id='word_1_110' title='bbox 475 1818 533 1862; x_wconf 85' lang='lat' dir='ltr'><strong>raa</strong></span> <span class='ocrx_word' id='word_1_111' title='bbox 545 1807 624 1860; x_wconf 90' lang='lat' dir='ltr'><strong>sunt</strong></span> <span class='ocrx_word' id='word_1_112' title='bbox 640 1794 885 1880; x_wconf 78' lang='lat' dir='ltr'><strong>qualiacunque</strong></span> <span class='ocrx_word' id='word_1_113' title='bbox 901 1806 1124 1874; x_wconf 85' lang='lat' dir='ltr'><strong>monumenta,</strong></span> <span class='ocrx_word' id='word_1_114' title='bbox 1146 1806 1180 1859; x_wconf 91' lang='lat' dir='ltr'><strong>et</strong></span> <span class='ocrx_word' id='word_1_115' title='bbox 1202 1796 1331 1859; x_wconf 86' lang='lat' dir='ltr'><strong>indices</strong></span> <span class='ocrx_word' id='word_1_116' title='bbox 1349 1815 1459 1858; x_wconf 90' lang='lat' dir='ltr'><strong>rernm</strong></span> <span class='ocrx_word' id='word_1_117' title='bbox 1515 1798 1591 1861; x_wconf 86' lang='lat' dir='ltr'><strong>Gott</strong></span> <span class='ocrx_word' id='word_1_118' title='bbox 1601 1799 1725 1881; x_wconf 74' lang='lat' dir='ltr'><strong>peirort,</strong></span> <span class='ocrx_word' id='word_1_119' title='bbox 1743 1799 1804 1863; x_wconf 84' lang='lat' dir='ltr'><strong>das</strong></span> <span class='ocrx_word' id='word_1_120' title='bbox 1824 1800 1869 1862; x_wconf 83' lang='lat' dir='ltr'><strong>da</strong></span> <span class='ocrx_word' id='word_1_121' title='bbox 1885 1818 1958 1862; x_wconf 84' lang='lat' dir='ltr'><strong>war</strong></span> <span class='ocrx_word' id='word_1_122' title='bbox 1977 1817 2049 1863; x_wconf 75' lang='lat' dir='ltr'><strong>arm</strong></span> <span class='ocrx_word' id='word_1_123' title='bbox 2075 1801 2293 1865; x_wconf 82' lang='lat' dir='ltr'><strong>Gottesdtenst</strong></span> <span class='ocrx_word' id='word_1_124' title='bbox 2307 1800 2492 1880; x_wconf 74' lang='lat' dir='ltr'><strong>peordeact.</strong></span> 
     </span>
     <span class='ocr_line' id='line_1_15' title="bbox 477 1879 2492 1970; baseline 0.001 -23"><span class='ocrx_word' id='word_1_125' title='bbox 477 1895 659 1970; x_wconf 76' lang='lat' dir='ltr'><strong>gestarum.</strong></span> <span class='ocrx_word' id='word_1_126' title='bbox 715 1882 752 1945; x_wconf 84' lang='lat' dir='ltr'><strong>Si</strong></span> <span class='ocrx_word' id='word_1_127' title='bbox 785 1901 854 1946; x_wconf 92' lang='lat' dir='ltr'><strong>non</strong></span> <span class='ocrx_word' id='word_1_128' title='bbox 876 1881 1076 1945; x_wconf 79' lang='lat' dir='ltr'><strong>haberemus</strong></span> <span class='ocrx_word' id='word_1_129' title='bbox 1099 1879 1262 1946; x_wconf 85' lang='lat' dir='ltr'><strong>beneficia</strong></span> <span class='ocrx_word' id='word_1_130' title='bbox 1306 1882 1459 1959; x_wconf 89' lang='lat' dir='ltr'><strong>ictorum,</strong></span> <span class='ocrx_word' id='word_1_131' title='bbox 1511 1880 1573 1946; x_wconf 84' lang='lat' dir='ltr'><strong>list</strong></span> <span class='ocrx_word' id='word_1_132' title='bbox 1593 1894 1760 1967; x_wconf 89' lang='lat' dir='ltr'><strong>sumptum</strong></span> <span class='ocrx_word' id='word_1_133' title='bbox 1780 1904 1802 1948; x_wconf 88' lang='lat' dir='ltr'><strong>a</strong></span> <span class='ocrx_word' id='word_1_134' title='bbox 1817 1882 1958 1962; x_wconf 89' lang='lat' dir='ltr'><strong>Levitis,</strong></span> <span class='ocrx_word' id='word_1_135' title='bbox 1975 1885 2031 1970; x_wconf 92' lang='lat' dir='ltr'><strong>qui</strong></span> <span class='ocrx_word' id='word_1_136' title='bbox 2053 1896 2149 1950; x_wconf 87' lang='lat' dir='ltr'><strong>erant</strong></span> <span class='ocrx_word' id='word_1_137' title='bbox 2171 1887 2314 1950; x_wconf 84' lang='lat' dir='ltr'><strong>ordinati</strong></span> <span class='ocrx_word' id='word_1_138' title='bbox 2337 1886 2380 1950; x_wconf 87' lang='lat' dir='ltr'><strong>ad</strong></span> <span class='ocrx_word' id='word_1_139' title='bbox 2401 1886 2492 1951; x_wconf 91' lang='lat' dir='ltr'><strong>miui·</strong></span> 
     </span>
     <span class='ocr_line' id='line_1_16' title="bbox 476 1966 1659 2052; baseline 0.001 -19"><span class='ocrx_word' id='word_1_140' title='bbox 476 1967 558 2033; x_wconf 88' lang='lat' dir='ltr'><strong>nihil</strong></span> <span class='ocrx_word' id='word_1_141' title='bbox 586 1967 786 2033; x_wconf 77' lang='lat' dir='ltr'><strong>haberemus</strong></span> <span class='ocrx_word' id='word_1_142' title='bbox 816 1969 859 2032; x_wconf 88' lang='lat' dir='ltr'><strong>de</strong></span> <span class='ocrx_word' id='word_1_143' title='bbox 891 1967 1037 2052; x_wconf 84' lang='lat' dir='ltr'><strong>antiquis</strong></span> <span class='ocrx_word' id='word_1_144' title='bbox 1063 1966 1222 2033; x_wconf 86' lang='lat' dir='ltr'><strong>historiis.</strong></span> <span class='ocrx_word' id='word_1_145' title='bbox 1323 1968 1355 2031; x_wconf 88' lang='lat' dir='ltr'><strong>ir</strong></span> <span class='ocrx_word' id='word_1_146' title='bbox 1386 1986 1459 2032; x_wconf 88' lang='lat' dir='ltr'><strong>acr-</strong></span> <span class='ocrx_word' id='word_1_147' title='bbox 1512 1970 1659 2034; x_wconf 86' lang='lat' dir='ltr'><strong>starium.</strong></span> 
     </span>
     <span class='ocr_line' id='line_1_17' title="bbox 474 2053 1045 2141; baseline 0 -22"><span class='ocrx_word' id='word_1_148' title='bbox 474 2074 589 2141; x_wconf 78' lang='lat' dir='ltr'><strong>persea</strong></span> <span class='ocrx_word' id='word_1_149' title='bbox 610 2055 663 2119; x_wconf 83' lang='lat' dir='ltr'><strong>die</strong></span> <span class='ocrx_word' id='word_1_150' title='bbox 684 2054 772 2119; x_wconf 73' lang='lat' dir='ltr'><strong>triten</strong></span> <span class='ocrx_word' id='word_1_151' title='bbox 793 2053 950 2119; x_wconf 69' lang='lat' dir='ltr'><strong>astaron</strong></span> <span class='ocrx_word' id='word_1_152' title='bbox 967 2073 1045 2138; x_wconf 84' lang='lat' dir='ltr'><strong>por.</strong></span> 
     </span>
    </p>
   </div>
   <div class='ocr_carea' id='block_1_6' title="bbox 640 2369 2316 2499">
    <p class='ocr_par' dir='ltr' id='par_1_6' title="bbox 640 2369 2316 2499">
     <span class='ocr_line' id='line_1_18' title="bbox 640 2369 2316 2499; baseline -0.005 -35"><span class='ocrx_word' id='word_1_153' title='bbox 640 2384 757 2490; x_wconf 83' lang='lat' dir='ltr'><strong>Quae</strong></span> <span class='ocrx_word' id='word_1_154' title='bbox 787 2385 865 2469; x_wconf 79' lang='lat' dir='ltr'><strong>suit</strong></span> <span class='ocrx_word' id='word_1_155' title='bbox 901 2388 1058 2471; x_wconf 80' lang='lat' dir='ltr'><strong>occasio</strong></span> <span class='ocrx_word' id='word_1_156' title='bbox 1089 2385 1297 2499; x_wconf 80' lang='lat' dir='ltr'><strong>supplicii?</strong></span> <span class='ocrx_word' id='word_1_157' title='bbox 1697 2369 1779 2474; x_wconf 84' lang='lat' dir='ltr'><strong>Qui</strong></span> <span class='ocrx_word' id='word_1_158' title='bbox 1808 2371 2049 2455; x_wconf 80' lang='lat' dir='ltr'><strong>dicebantur</strong></span> <span class='ocrx_word' id='word_1_159' title='bbox 2078 2369 2316 2458; x_wconf 71' lang='lat' dir='ltr'><strong>dxoloullor‘l</strong></span> 
     </span>
    </p>
   </div>
   <div class='ocr_carea' id='block_1_7' title="bbox 473 2567 2501 4134">
    <p class='ocr_par' dir='ltr' id='par_1_7' title="bbox 473 2567 2501 4134">
     <span class='ocr_line' id='line_1_19' title="bbox 563 2567 2496 2657; baseline 0.001 -24"><span class='ocrx_word' id='word_1_160' title='bbox 563 2567 882 2656; x_wconf 85' lang='lat' dir='ltr'><strong>imperatorDecius</strong></span> <span class='ocrx_word' id='word_1_161' title='bbox 897 2570 1002 2635; x_wconf 82' lang='lat' dir='ltr'><strong>nrovit</strong></span> <span class='ocrx_word' id='word_1_162' title='bbox 1016 2581 1165 2635; x_wconf 89' lang='lat' dir='ltr'><strong>atrocem</strong></span> <span class='ocrx_word' id='word_1_163' title='bbox 1177 2571 1459 2654; x_wconf 79' lang='lat' dir='ltr'><strong>persecutionemr</strong></span> <span class='ocrx_word' id='word_1_164' title='bbox 1598 2569 1774 2646; x_wconf 73' lang='grc' dir='ltr'><strong><em>Ἀκόλουθος</em></strong></span> <span class='ocrx_word' id='word_1_165' title='bbox 1801 2570 1967 2657; x_wconf 82' lang='lat' dir='ltr'><strong>significat</strong></span> <span class='ocrx_word' id='word_1_166' title='bbox 1985 2570 2212 2638; x_wconf 85' lang='lat' dir='ltr'><strong>&#39;ministerium</strong></span> <span class='ocrx_word' id='word_1_167' title='bbox 2243 2568 2415 2654; x_wconf 85' lang='lat' dir='ltr'><strong>Episcopi,</strong></span> <span class='ocrx_word' id='word_1_168' title='bbox 2436 2572 2496 2635; x_wconf 77' lang='lat' dir='ltr'><strong>der</strong></span> 
     </span>
     <span class='ocr_line' id='line_1_20' title="bbox 475 2653 2496 2742; baseline -0.001 -19"><span class='ocrx_word' id='word_1_169' title='bbox 475 2658 509 2723; x_wconf 91' lang='lat' dir='ltr'><strong>in</strong></span> <span class='ocrx_word' id='word_1_170' title='bbox 532 2677 599 2742; x_wconf 90' lang='lat' dir='ltr'><strong>qua</strong></span> <span class='ocrx_word' id='word_1_171' title='bbox 621 2678 696 2722; x_wconf 92' lang='lat' dir='ltr'><strong>cum</strong></span> <span class='ocrx_word' id='word_1_172' title='bbox 718 2654 812 2722; x_wconf 88' lang='lat' dir='ltr'><strong>multi</strong></span> <span class='ocrx_word' id='word_1_173' title='bbox 844 2654 1125 2735; x_wconf 85' lang='lat' dir='ltr'><strong>interficerentur,</strong></span> <span class='ocrx_word' id='word_1_174' title='bbox 1158 2667 1192 2721; x_wconf 87' lang='lat' dir='ltr'><strong>et</strong></span> <span class='ocrx_word' id='word_1_175' title='bbox 1219 2653 1312 2721; x_wconf 90' lang='lat' dir='ltr'><strong>multi</strong></span> <span class='ocrx_word' id='word_1_176' title='bbox 1333 2657 1459 2740; x_wconf 90' lang='lat' dir='ltr'><strong>passim</strong></span> <span class='ocrx_word' id='word_1_177' title='bbox 1511 2664 1571 2723; x_wconf 76' lang='lat' dir='ltr'><strong>mit</strong></span> <span class='ocrx_word' id='word_1_178' title='bbox 1590 2658 1661 2723; x_wconf 82' lang='lat' dir='ltr'><strong>dem</strong></span> <span class='ocrx_word' id='word_1_179' title='bbox 1682 2661 1845 2741; x_wconf 76' lang='lat' dir='ltr'><strong>Btccdoffe</strong></span> <span class='ocrx_word' id='word_1_180' title='bbox 1858 2677 1992 2739; x_wconf 73' lang='lat' dir='ltr'><strong>paupert</strong></span> <span class='ocrx_word' id='word_1_181' title='bbox 2013 2659 2063 2739; x_wconf 82' lang='lat' dir='ltr'><strong>ist,</strong></span> <span class='ocrx_word' id='word_1_182' title='bbox 2095 2660 2166 2723; x_wconf 85' lang='lat' dir='ltr'><strong>und</strong></span> <span class='ocrx_word' id='word_1_183' title='bbox 2196 2660 2254 2723; x_wconf 82' lang='lat' dir='ltr'><strong>dat</strong></span> <span class='ocrx_word' id='word_1_184' title='bbox 2274 2663 2349 2739; x_wconf 77' lang='lat' dir='ltr'><strong>uuff</strong></span> <span class='ocrx_word' id='word_1_185' title='bbox 2365 2659 2422 2721; x_wconf 80' lang='lat' dir='ltr'><strong>idn</strong></span> <span class='ocrx_word' id='word_1_186' title='bbox 2440 2676 2496 2737; x_wconf 75' lang='lat' dir='ltr'><strong>pe-</strong></span> 
     </span>
     <span class='ocr_line' id='line_1_21' title="bbox 476 2741 2495 2829; baseline -0.002 -20"><span class='ocrx_word' id='word_1_187' title='bbox 476 2744 509 2809; x_wconf 88' lang='lat' dir='ltr'><strong>in</strong></span> <span class='ocrx_word' id='word_1_188' title='bbox 532 2741 664 2807; x_wconf 78' lang='lat' dir='ltr'><strong>esiliam</strong></span> <span class='ocrx_word' id='word_1_189' title='bbox 687 2741 903 2827; x_wconf 86' lang='lat' dir='ltr'><strong>pellerentur,</strong></span> <span class='ocrx_word' id='word_1_190' title='bbox 926 2743 1049 2809; x_wconf 86' lang='lat' dir='ltr'><strong>accidit</strong></span> <span class='ocrx_word' id='word_1_191' title='bbox 1070 2741 1136 2808; x_wconf 92' lang='lat' dir='ltr'><strong>hoc</strong></span> <span class='ocrx_word' id='word_1_192' title='bbox 1159 2762 1303 2828; x_wconf 92' lang='lat' dir='ltr'><strong>quoque,</strong></span> <span class='ocrx_word' id='word_1_193' title='bbox 1326 2744 1368 2808; x_wconf 91' lang='lat' dir='ltr'><strong>de</strong></span> <span class='ocrx_word' id='word_1_194' title='bbox 1392 2763 1458 2829; x_wconf 86' lang='lat' dir='ltr'><strong>quo</strong></span> <span class='ocrx_word' id='word_1_195' title='bbox 1511 2753 1635 2810; x_wconf 79' lang='lat' dir='ltr'><strong>coartet.</strong></span> <span class='ocrx_word' id='word_1_196' title='bbox 1700 2744 1828 2809; x_wconf 89' lang='lat' dir='ltr'><strong>Nomen</strong></span> <span class='ocrx_word' id='word_1_197' title='bbox 1862 2753 1916 2808; x_wconf 90' lang='lat' dir='ltr'><strong>est</strong></span> <span class='ocrx_word' id='word_1_198' title='bbox 1947 2746 1990 2806; x_wconf 89' lang='lat' dir='ltr'><strong>ab</strong></span> <span class='ocrx_word' id='word_1_199' title='bbox 2024 2742 2219 2820; x_wconf 69' lang='grc' dir='ltr'><strong><em>ἀκολουθία,</em></strong></span> <span class='ocrx_word' id='word_1_200' title='bbox 2259 2744 2356 2829; x_wconf 91' lang='lat' dir='ltr'><strong>quasi</strong></span> <span class='ocrx_word' id='word_1_201' title='bbox 2389 2743 2495 2819; x_wconf 87' lang='lat' dir='ltr'><strong>dicas,</strong></span> 
     </span>
     <span class='ocr_line' id='line_1_22' title="bbox 477 2826 2497 2915; baseline -0.001 -21"><span class='ocrx_word' id='word_1_202' title='bbox 477 2849 580 2915; x_wconf 85' lang='lat' dir='ltr'><strong>saepe</strong></span> <span class='ocrx_word' id='word_1_203' title='bbox 603 2830 687 2894; x_wconf 81' lang='lat' dir='ltr'><strong>disi:</strong></span> <span class='ocrx_word' id='word_1_204' title='bbox 728 2829 827 2904; x_wconf 85' lang='lat' dir='ltr'><strong>Quod</strong></span> <span class='ocrx_word' id='word_1_205' title='bbox 850 2827 1061 2894; x_wconf 86' lang='lat' dir='ltr'><strong>Chaeremon</strong></span> <span class='ocrx_word' id='word_1_206' title='bbox 1090 2848 1195 2893; x_wconf 85' lang='lat' dir='ltr'><strong>senex</strong></span> <span class='ocrx_word' id='word_1_207' title='bbox 1217 2850 1292 2894; x_wconf 90' lang='lat' dir='ltr'><strong>cum</strong></span> <span class='ocrx_word' id='word_1_208' title='bbox 1317 2831 1459 2915; x_wconf 79' lang='lat' dir='ltr'><strong>coniuge</strong></span> <span class='ocrx_word' id='word_1_209' title='bbox 1513 2851 1639 2909; x_wconf 87' lang='lat' dir='ltr'><strong>comes,</strong></span> <span class='ocrx_word' id='word_1_210' title='bbox 1662 2827 1717 2895; x_wconf 86' lang='lat' dir='ltr'><strong>vcl</strong></span> <span class='ocrx_word' id='word_1_211' title='bbox 1739 2841 1927 2896; x_wconf 87' lang='lat' dir='ltr'><strong>assectator</strong></span> <span class='ocrx_word' id='word_1_212' title='bbox 1949 2828 2119 2915; x_wconf 79' lang='lat' dir='ltr'><strong>Episcopi.</strong></span> <span class='ocrx_word' id='word_1_213' title='bbox 2169 2826 2270 2894; x_wconf 86' lang='lat' dir='ltr'><strong>Tales</strong></span> <span class='ocrx_word' id='word_1_214' title='bbox 2297 2837 2375 2894; x_wconf 92' lang='lat' dir='ltr'><strong>sunt</strong></span> <span class='ocrx_word' id='word_1_215' title='bbox 2396 2827 2497 2893; x_wconf 91' lang='lat' dir='ltr'><strong>hodie</strong></span> 
     </span>
     <span class='ocr_line' id='line_1_23' title="bbox 476 2913 2497 3002; baseline -0.002 -21"><span class='ocrx_word' id='word_1_216' title='bbox 476 2936 555 2993; x_wconf 90' lang='lat' dir='ltr'><strong>sua,</strong></span> <span class='ocrx_word' id='word_1_217' title='bbox 589 2935 608 2980; x_wconf 93' lang='lat' dir='ltr'><strong>e</strong></span> <span class='ocrx_word' id='word_1_218' title='bbox 637 2930 823 2999; x_wconf 86' lang='lat' dir='ltr'><strong>conspectu</strong></span> <span class='ocrx_word' id='word_1_219' title='bbox 855 2916 1024 2980; x_wconf 89' lang='lat' dir='ltr'><strong>hominum</strong></span> <span class='ocrx_word' id='word_1_220' title='bbox 1057 2926 1091 2979; x_wconf 91' lang='lat' dir='ltr'><strong>et</strong></span> <span class='ocrx_word' id='word_1_221' title='bbox 1123 2918 1241 2981; x_wconf 90' lang='lat' dir='ltr'><strong>turbae</strong></span> <span class='ocrx_word' id='word_1_222' title='bbox 1276 2918 1460 3002; x_wconf 84' lang='lat' dir='ltr'><strong>sequentis,</strong></span> <span class='ocrx_word' id='word_1_223' title='bbox 1512 2919 1546 2981; x_wconf 94' lang='lat' dir='ltr'><strong>in</strong></span> <span class='ocrx_word' id='word_1_224' title='bbox 1568 2916 1757 2981; x_wconf 85' lang='lat' dir='ltr'><strong>Acaderniis</strong></span> <span class='ocrx_word' id='word_1_225' title='bbox 1779 2921 1904 3000; x_wconf 79' lang='lat' dir='ltr'><strong>pedellt,</strong></span> <span class='ocrx_word' id='word_1_226' title='bbox 1927 2917 1982 3002; x_wconf 91' lang='lat' dir='ltr'><strong>qui</strong></span> <span class='ocrx_word' id='word_1_227' title='bbox 2006 2927 2178 2982; x_wconf 92' lang='lat' dir='ltr'><strong>sectantur</strong></span> <span class='ocrx_word' id='word_1_228' title='bbox 2195 2916 2384 2980; x_wconf 86' lang='lat' dir='ltr'><strong>Rectorem.</strong></span> <span class='ocrx_word' id='word_1_229' title='bbox 2417 2913 2497 2978; x_wconf 90' lang='lat' dir='ltr'><strong>Dia·</strong></span> 
     </span>
     <span class='ocr_line' id='line_1_24' title="bbox 476 2999 2498 3088; baseline -0.001 -22"><span class='ocrx_word' id='word_1_230' title='bbox 476 3000 630 3067; x_wconf 88' lang='lat' dir='ltr'><strong>sublatus</strong></span> <span class='ocrx_word' id='word_1_231' title='bbox 653 3014 705 3067; x_wconf 90' lang='lat' dir='ltr'><strong>est</strong></span> <span class='ocrx_word' id='word_1_232' title='bbox 726 3005 760 3066; x_wconf 89' lang='lat' dir='ltr'><strong>in</strong></span> <span class='ocrx_word' id='word_1_233' title='bbox 784 2999 923 3067; x_wconf 90' lang='lat' dir='ltr'><strong>coelum.</strong></span> <span class='ocrx_word' id='word_1_234' title='bbox 978 3000 1040 3067; x_wconf 92' lang='lat' dir='ltr'><strong>lllc</strong></span> <span class='ocrx_word' id='word_1_235' title='bbox 1072 3003 1147 3087; x_wconf 90' lang='lat' dir='ltr'><strong>ipso</strong></span> <span class='ocrx_word' id='word_1_236' title='bbox 1180 3014 1330 3086; x_wconf 87' lang='lat' dir='ltr'><strong>ternpore</strong></span> <span class='ocrx_word' id='word_1_237' title='bbox 1359 3004 1460 3069; x_wconf 87' lang='lat' dir='ltr'><strong>etiam</strong></span> <span class='ocrx_word' id='word_1_238' title='bbox 1514 3024 1621 3070; x_wconf 86' lang='lat' dir='ltr'><strong>conus</strong></span> <span class='ocrx_word' id='word_1_239' title='bbox 1655 3005 1797 3088; x_wconf 84' lang='lat' dir='ltr'><strong>negotiis</strong></span> <span class='ocrx_word' id='word_1_240' title='bbox 1831 2999 2006 3068; x_wconf 82' lang='lat' dir='ltr'><strong>Ecclesiae</strong></span> <span class='ocrx_word' id='word_1_241' title='bbox 2041 3002 2225 3066; x_wconf 84' lang='lat' dir='ltr'><strong>inservivit.</strong></span> <span class='ocrx_word' id='word_1_242' title='bbox 2281 3002 2498 3075; x_wconf 83' lang='lat' dir='ltr'><strong>Sacerdotes,</strong></span> 
     </span>
     <span class='ocr_line' id='line_1_25' title="bbox 475 3085 2497 3173; baseline -0.002 -18"><span class='ocrx_word' id='word_1_243' title='bbox 475 3087 604 3155; x_wconf 89' lang='lat' dir='ltr'><strong>Romae</strong></span> <span class='ocrx_word' id='word_1_244' title='bbox 626 3088 720 3173; x_wconf 86' lang='lat' dir='ltr'><strong>Papa</strong></span> <span class='ocrx_word' id='word_1_245' title='bbox 742 3089 856 3155; x_wconf 82' lang='lat' dir='ltr'><strong>Sixtus</strong></span> <span class='ocrx_word' id='word_1_246' title='bbox 878 3085 938 3155; x_wconf 83' lang='lat' dir='ltr'><strong>tuit</strong></span> <span class='ocrx_word' id='word_1_247' title='bbox 959 3086 1172 3154; x_wconf 82' lang='lat' dir='ltr'><strong>interfectus:</strong></span> <span class='ocrx_word' id='word_1_248' title='bbox 1201 3100 1235 3153; x_wconf 91' lang='lat' dir='ltr'><strong>et</strong></span> <span class='ocrx_word' id='word_1_249' title='bbox 1255 3087 1459 3154; x_wconf 86' lang='lat' dir='ltr'><strong>Laurentius</strong></span> <span class='ocrx_word' id='word_1_250' title='bbox 1512 3090 1590 3153; x_wconf 89' lang='lat' dir='ltr'><strong>item</strong></span> <span class='ocrx_word' id='word_1_251' title='bbox 1614 3088 1770 3152; x_wconf 89' lang='lat' dir='ltr'><strong>doctores</strong></span> <span class='ocrx_word' id='word_1_252' title='bbox 1791 3086 2020 3171; x_wconf 88' lang='lat' dir='ltr'><strong>principaliter</strong></span> <span class='ocrx_word' id='word_1_253' title='bbox 2042 3100 2137 3152; x_wconf 90' lang='lat' dir='ltr'><strong>erant</strong></span> <span class='ocrx_word' id='word_1_254' title='bbox 2159 3089 2190 3151; x_wconf 90' lang='lat' dir='ltr'><strong>in</strong></span> <span class='ocrx_word' id='word_1_255' title='bbox 2209 3085 2321 3151; x_wconf 84' lang='lat' dir='ltr'><strong>officio</strong></span> <span class='ocrx_word' id='word_1_256' title='bbox 2340 3088 2497 3153; x_wconf 80' lang='lat' dir='ltr'><strong>docendi:</strong></span> 
     </span>
     <span class='ocr_line' id='line_1_26' title="bbox 476 3171 2500 3260; baseline -0 -20"><span class='ocrx_word' id='word_1_257' title='bbox 476 3185 545 3240; x_wconf 92' lang='lat' dir='ltr'><strong>tum</strong></span> <span class='ocrx_word' id='word_1_258' title='bbox 567 3171 629 3240; x_wconf 86' lang='lat' dir='ltr'><strong>luit</strong></span> <span class='ocrx_word' id='word_1_259' title='bbox 650 3174 842 3256; x_wconf 89' lang='lat' dir='ltr'><strong>Diaconos,</strong></span> <span class='ocrx_word' id='word_1_260' title='bbox 874 3175 927 3239; x_wconf 89' lang='lat' dir='ltr'><strong>cui</strong></span> <span class='ocrx_word' id='word_1_261' title='bbox 960 3184 1034 3239; x_wconf 88' lang='lat' dir='ltr'><strong>erat</strong></span> <span class='ocrx_word' id='word_1_262' title='bbox 1061 3175 1291 3239; x_wconf 87' lang='lat' dir='ltr'><strong>commendata</strong></span> <span class='ocrx_word' id='word_1_263' title='bbox 1318 3176 1461 3260; x_wconf 83' lang='lat' dir='ltr'><strong>pecunia</strong></span> <span class='ocrx_word' id='word_1_264' title='bbox 1513 3172 1658 3238; x_wconf 87' lang='lat' dir='ltr'><strong>Diaconi</strong></span> <span class='ocrx_word' id='word_1_265' title='bbox 1695 3192 1805 3238; x_wconf 81' lang='lat' dir='ltr'><strong>taurea</strong></span> <span class='ocrx_word' id='word_1_266' title='bbox 1842 3184 1934 3238; x_wconf 84' lang='lat' dir='ltr'><strong>coast</strong></span> <span class='ocrx_word' id='word_1_267' title='bbox 1964 3177 2000 3237; x_wconf 85' lang='grc' dir='ltr'><strong>τίτ</strong></span> <span class='ocrx_word' id='word_1_268' title='bbox 2033 3174 2300 3259; x_wconf 78' lang='lat' dir='ltr'><strong>gubernatione3</strong></span> <span class='ocrx_word' id='word_1_269' title='bbox 2339 3176 2425 3239; x_wconf 84' lang='lat' dir='ltr'><strong>dean</strong></span> <span class='ocrx_word' id='word_1_270' title='bbox 2463 3192 2500 3238; x_wconf 76' lang='lat' dir='ltr'><strong>ca</strong></span> 
     </span>
     <span class='ocr_line' id='line_1_27' title="bbox 474 3257 2497 3342; baseline -0.002 -15"><span class='ocrx_word' id='word_1_271' title='bbox 474 3259 666 3327; x_wconf 87' lang='lat' dir='ltr'><strong>Ecclesiae.</strong></span> <span class='ocrx_word' id='word_1_272' title='bbox 720 3260 988 3327; x_wconf 88' lang='lat' dir='ltr'><strong>Conlerebantur</strong></span> <span class='ocrx_word' id='word_1_273' title='bbox 1020 3271 1130 3325; x_wconf 88' lang='lat' dir='ltr'><strong>autom</strong></span> <span class='ocrx_word' id='word_1_274' title='bbox 1161 3263 1197 3325; x_wconf 88' lang='lat' dir='ltr'><strong>in</strong></span> <span class='ocrx_word' id='word_1_275' title='bbox 1219 3257 1374 3325; x_wconf 88' lang='lat' dir='ltr'><strong>Ecclesia</strong></span> <span class='ocrx_word' id='word_1_276' title='bbox 1396 3259 1469 3323; x_wconf 78' lang='lat' dir='ltr'><strong>lto:</strong></span> <span class='ocrx_word' id='word_1_277' title='bbox 1514 3277 1626 3323; x_wconf 78' lang='lat' dir='ltr'><strong>macen</strong></span> <span class='ocrx_word' id='word_1_278' title='bbox 1656 3261 1793 3342; x_wconf 77' lang='lat' dir='ltr'><strong>perciaco</strong></span> <span class='ocrx_word' id='word_1_279' title='bbox 1829 3262 1912 3323; x_wconf 81' lang='lat' dir='ltr'><strong>leuto</strong></span> <span class='ocrx_word' id='word_1_280' title='bbox 1943 3265 2014 3323; x_wconf 82' lang='lat' dir='ltr'><strong>scta</strong></span> <span class='ocrx_word' id='word_1_281' title='bbox 2048 3261 2207 3340; x_wconf 73' lang='lat' dir='ltr'><strong>aecrdnet</strong></span> <span class='ocrx_word' id='word_1_282' title='bbox 2235 3277 2308 3323; x_wconf 78' lang='lat' dir='ltr'><strong>sam</strong></span> <span class='ocrx_word' id='word_1_283' title='bbox 2340 3262 2497 3339; x_wconf 77' lang='lat' dir='ltr'><strong>repr’erea.</strong></span> 
     </span>
     <span class='ocr_line' id='line_1_28' title="bbox 474 3342 2498 3430; baseline -0.001 -19"><span class='ocrx_word' id='word_1_284' title='bbox 474 3366 576 3412; x_wconf 87' lang='lat' dir='ltr'><strong>mana</strong></span> <span class='ocrx_word' id='word_1_285' title='bbox 608 3351 659 3423; x_wconf 87' lang='lat' dir='ltr'><strong>(ut</strong></span> <span class='ocrx_word' id='word_1_286' title='bbox 680 3345 715 3408; x_wconf 95' lang='lat' dir='ltr'><strong>in</strong></span> <span class='ocrx_word' id='word_1_287' title='bbox 742 3348 876 3411; x_wconf 87' lang='lat' dir='ltr'><strong>civitate</strong></span> <span class='ocrx_word' id='word_1_288' title='bbox 902 3342 1085 3430; x_wconf 90' lang='lat' dir='ltr'><strong>locuplete)</strong></span> <span class='ocrx_word' id='word_1_289' title='bbox 1116 3347 1281 3429; x_wconf 88' lang='lat' dir='ltr'><strong>pecuniae</strong></span> <span class='ocrx_word' id='word_1_290' title='bbox 1313 3344 1461 3410; x_wconf 71' lang='lat' dir='ltr'><strong>larvitcr.</strong></span> <span class='ocrx_word' id='word_1_291' title='bbox 1515 3343 1579 3416; x_wconf 83' lang='lat' dir='ltr'><strong>Qut</strong></span> <span class='ocrx_word' id='word_1_292' title='bbox 1602 3344 1688 3407; x_wconf 84' lang='lat' dir='ltr'><strong>enim</strong></span> <span class='ocrx_word' id='word_1_293' title='bbox 1709 3345 1845 3408; x_wconf 89' lang='lat' dir='ltr'><strong>studere</strong></span> <span class='ocrx_word' id='word_1_294' title='bbox 1866 3345 2007 3424; x_wconf 90' lang='lat' dir='ltr'><strong>debent,</strong></span> <span class='ocrx_word' id='word_1_295' title='bbox 2040 3364 2107 3409; x_wconf 85' lang='lat' dir='ltr'><strong>nou</strong></span> <span class='ocrx_word' id='word_1_296' title='bbox 2129 3355 2271 3427; x_wconf 86' lang='lat' dir='ltr'><strong>possunt</strong></span> <span class='ocrx_word' id='word_1_297' title='bbox 2288 3365 2411 3408; x_wconf 83' lang='lat' dir='ltr'><strong>vacare</strong></span> <span class='ocrx_word' id='word_1_298' title='bbox 2432 3342 2498 3409; x_wconf 86' lang='lat' dir='ltr'><strong>illis</strong></span> 
     </span>
     <span class='ocr_line' id='line_1_29' title="bbox 473 3396 2500 3516; baseline 0 -21"><span class='ocrx_word' id='word_1_299' title='bbox 473 3430 561 3495; x_wconf 85' lang='lat' dir='ltr'><strong>Eam</strong></span> <span class='ocrx_word' id='word_1_300' title='bbox 582 3431 756 3514; x_wconf 87' lang='lat' dir='ltr'><strong>pecuniam</strong></span> <span class='ocrx_word' id='word_1_301' title='bbox 772 3428 954 3516; x_wconf 85' lang='lat' dir='ltr'><strong>postulavit</strong></span> <span class='ocrx_word' id='word_1_302' title='bbox 975 3431 1038 3495; x_wconf 88' lang='lat' dir='ltr'><strong>sibi</strong></span> <span class='ocrx_word' id='word_1_303' title='bbox 1065 3433 1152 3496; x_wconf 90' lang='lat' dir='ltr'><strong>tradi</strong></span> <span class='ocrx_word' id='word_1_304' title='bbox 1180 3430 1318 3495; x_wconf 89' lang='lat' dir='ltr'><strong>Decius.</strong></span> <span class='ocrx_word' id='word_1_305' title='bbox 1365 3396 1462 3495; x_wconf 75' lang='lat' dir='ltr'><strong>haec</strong></span> <span class='ocrx_word' id='word_1_306' title='bbox 1514 3426 1679 3494; x_wconf 87' lang='lat' dir='ltr'><strong>molestiis</strong></span> <span class='ocrx_word' id='word_1_307' title='bbox 1702 3443 1736 3495; x_wconf 90' lang='lat' dir='ltr'><strong>et</strong></span> <span class='ocrx_word' id='word_1_308' title='bbox 1757 3432 1912 3509; x_wconf 90' lang='lat' dir='ltr'><strong>miseriis,</strong></span> <span class='ocrx_word' id='word_1_309' title='bbox 1935 3430 2144 3497; x_wconf 84' lang='lat' dir='ltr'><strong>exercendae</strong></span> <span class='ocrx_word' id='word_1_310' title='bbox 2166 3431 2415 3508; x_wconf 88' lang='lat' dir='ltr'><strong>iurisdictionis,</strong></span> <span class='ocrx_word' id='word_1_311' title='bbox 2441 3440 2500 3496; x_wconf 87' lang='lat' dir='ltr'><strong>aut</strong></span> 
     </span>
     <span class='ocr_line' id='line_1_30' title="bbox 473 3514 2500 3604; baseline 0.001 -24"><span class='ocrx_word' id='word_1_312' title='bbox 473 3514 538 3580; x_wconf 78' lang='lat' dir='ltr'><strong>fuit</strong></span> <span class='ocrx_word' id='word_1_313' title='bbox 558 3515 740 3581; x_wconf 89' lang='lat' dir='ltr'><strong>Laurentio</strong></span> <span class='ocrx_word' id='word_1_314' title='bbox 763 3519 901 3583; x_wconf 89' lang='lat' dir='ltr'><strong>occasio</strong></span> <span class='ocrx_word' id='word_1_315' title='bbox 931 3517 1079 3584; x_wconf 82' lang='lat' dir='ltr'><strong>edendae</strong></span> <span class='ocrx_word' id='word_1_316' title='bbox 1102 3514 1340 3583; x_wconf 81' lang='lat' dir='ltr'><strong>confessionis.</strong></span> <span class='ocrx_word' id='word_1_317' title='bbox 1384 3515 1462 3590; x_wconf 86' lang='lat' dir='ltr'><strong>Qui·</strong></span> <span class='ocrx_word' id='word_1_318' title='bbox 1515 3517 1652 3581; x_wconf 90' lang='lat' dir='ltr'><strong>curandi</strong></span> <span class='ocrx_word' id='word_1_319' title='bbox 1674 3518 1793 3582; x_wconf 90' lang='lat' dir='ltr'><strong>aerarii</strong></span> <span class='ocrx_word' id='word_1_320' title='bbox 1828 3516 1961 3600; x_wconf 87' lang='lat' dir='ltr'><strong>publici.</strong></span> <span class='ocrx_word' id='word_1_321' title='bbox 2017 3517 2111 3584; x_wconf 89' lang='lat' dir='ltr'><strong>Haec</strong></span> <span class='ocrx_word' id='word_1_322' title='bbox 2144 3536 2247 3581; x_wconf 91' lang='lat' dir='ltr'><strong>onera</strong></span> <span class='ocrx_word' id='word_1_323' title='bbox 2278 3519 2311 3581; x_wconf 93' lang='lat' dir='ltr'><strong>in</strong></span> <span class='ocrx_word' id='word_1_324' title='bbox 2334 3518 2500 3604; x_wconf 81' lang='lat' dir='ltr'><strong>guberna·</strong></span> 
     </span>
     <span class='ocr_line' id='line_1_31' title="bbox 473 3600 2501 3688; baseline -0 -19"><span class='ocrx_word' id='word_1_325' title='bbox 473 3604 540 3669; x_wconf 88' lang='lat' dir='ltr'><strong>bus</strong></span> <span class='ocrx_word' id='word_1_326' title='bbox 574 3612 629 3667; x_wconf 88' lang='lat' dir='ltr'><strong>est</strong></span> <span class='ocrx_word' id='word_1_327' title='bbox 661 3621 717 3667; x_wconf 85' lang='lat' dir='ltr'><strong>res</strong></span> <span class='ocrx_word' id='word_1_328' title='bbox 745 3624 821 3670; x_wconf 90' lang='lat' dir='ltr'><strong>cum</strong></span> <span class='ocrx_word' id='word_1_329' title='bbox 842 3604 1001 3688; x_wconf 90' lang='lat' dir='ltr'><strong>pecunia,</strong></span> <span class='ocrx_word' id='word_1_330' title='bbox 1032 3603 1056 3668; x_wconf 96' lang='lat' dir='ltr'><strong>ii</strong></span> <span class='ocrx_word' id='word_1_331' title='bbox 1089 3600 1191 3670; x_wconf 81' lang='lat' dir='ltr'><strong>facila</strong></span> <span class='ocrx_word' id='word_1_332' title='bbox 1222 3602 1395 3669; x_wconf 90' lang='lat' dir='ltr'><strong>incurrunt</strong></span> <span class='ocrx_word' id='word_1_333' title='bbox 1427 3604 1462 3668; x_wconf 92' lang='lat' dir='ltr'><strong>iu</strong></span> <span class='ocrx_word' id='word_1_334' title='bbox 1515 3603 1607 3667; x_wconf 89' lang='lat' dir='ltr'><strong>tione</strong></span> <span class='ocrx_word' id='word_1_335' title='bbox 1650 3605 1878 3668; x_wconf 88' lang='lat' dir='ltr'><strong>sustinuerunt</strong></span> <span class='ocrx_word' id='word_1_336' title='bbox 1911 3603 2065 3669; x_wconf 90' lang='lat' dir='ltr'><strong>Diaconi.</strong></span> <span class='ocrx_word' id='word_1_337' title='bbox 2132 3601 2193 3668; x_wconf 91' lang='lat' dir='ltr'><strong>illa</strong></span> <span class='ocrx_word' id='word_1_338' title='bbox 2235 3605 2406 3688; x_wconf 88' lang='lat' dir='ltr'><strong>sapienter</strong></span> <span class='ocrx_word' id='word_1_339' title='bbox 2448 3605 2501 3668; x_wconf 91' lang='lat' dir='ltr'><strong>sia</strong></span> 
     </span>
     <span class='ocr_line' id='line_1_32' title="bbox 476 3687 2500 3774; baseline -0 -18"><span class='ocrx_word' id='word_1_340' title='bbox 476 3688 553 3756; x_wconf 87' lang='lat' dir='ltr'><strong>odia</strong></span> <span class='ocrx_word' id='word_1_341' title='bbox 574 3698 757 3774; x_wconf 88' lang='lat' dir='ltr'><strong>potentum.</strong></span> <span class='ocrx_word' id='word_1_342' title='bbox 1515 3690 1690 3753; x_wconf 88' lang='lat' dir='ltr'><strong>distributa</strong></span> <span class='ocrx_word' id='word_1_343' title='bbox 1711 3687 1856 3754; x_wconf 79' lang='lat' dir='ltr'><strong>luerunt.</strong></span> <span class='ocrx_word' id='word_1_344' title='bbox 1911 3689 2020 3755; x_wconf 88' lang='lat' dir='ltr'><strong>llodie</strong></span> <span class='ocrx_word' id='word_1_345' title='bbox 2041 3688 2202 3755; x_wconf 86' lang='lat' dir='ltr'><strong>Cananici</strong></span> <span class='ocrx_word' id='word_1_346' title='bbox 2229 3691 2378 3755; x_wconf 74' lang='lat' dir='ltr'><strong>retinent</strong></span> <span class='ocrx_word' id='word_1_347' title='bbox 2416 3690 2500 3756; x_wconf 91' lang='lat' dir='ltr'><strong>redi·</strong></span> 
     </span>
     <span class='ocr_line' id='line_1_33' title="bbox 1515 3774 2501 3863; baseline 0 -24"><span class='ocrx_word' id='word_1_348' title='bbox 1515 3785 1581 3854; x_wconf 89' lang='lat' dir='ltr'><strong>tus,</strong></span> <span class='ocrx_word' id='word_1_349' title='bbox 1602 3787 1637 3840; x_wconf 93' lang='lat' dir='ltr'><strong>et</strong></span> <span class='ocrx_word' id='word_1_350' title='bbox 1657 3774 1794 3841; x_wconf 88' lang='lat' dir='ltr'><strong>labores</strong></span> <span class='ocrx_word' id='word_1_351' title='bbox 1823 3776 1985 3844; x_wconf 86' lang='lat' dir='ltr'><strong>omittunt</strong></span> <span class='ocrx_word' id='word_1_352' title='bbox 2040 3774 2128 3841; x_wconf 89' lang='lat' dir='ltr'><strong>Olim</strong></span> <span class='ocrx_word' id='word_1_353' title='bbox 2162 3774 2308 3863; x_wconf 80' lang='lat' dir='ltr'><strong>collegia</strong></span> <span class='ocrx_word' id='word_1_354' title='bbox 2329 3774 2501 3842; x_wconf 85' lang='lat' dir='ltr'><strong>Ecclesia·</strong></span> 
     </span>
     <span class='ocr_line' id='line_1_34' title="bbox 1515 3860 2501 3951; baseline 0.003 -27"><span class='ocrx_word' id='word_1_355' title='bbox 1515 3863 1600 3926; x_wconf 86' lang='lat' dir='ltr'><strong>stica</strong></span> <span class='ocrx_word' id='word_1_356' title='bbox 1632 3873 1729 3927; x_wconf 87' lang='lat' dir='ltr'><strong>crant</strong></span> <span class='ocrx_word' id='word_1_357' title='bbox 1762 3860 1918 3942; x_wconf 86' lang='lat' dir='ltr'><strong>scholae,</strong></span> <span class='ocrx_word' id='word_1_358' title='bbox 1955 3874 1988 3930; x_wconf 91' lang='lat' dir='ltr'><strong>et</strong></span> <span class='ocrx_word' id='word_1_359' title='bbox 2020 3865 2192 3931; x_wconf 89' lang='lat' dir='ltr'><strong>habebant</strong></span> <span class='ocrx_word' id='word_1_360' title='bbox 2225 3866 2351 3951; x_wconf 84' lang='lat' dir='ltr'><strong>gradus</strong></span> <span class='ocrx_word' id='word_1_361' title='bbox 2386 3876 2501 3929; x_wconf 88' lang='lat' dir='ltr'><strong>certos</strong></span> 
     </span>
     <span class='ocr_line' id='line_1_35' title="bbox 1515 3949 2006 4018; baseline 0.002 -6"><span class='ocrx_word' id='word_1_362' title='bbox 1515 3949 1705 4015; x_wconf 88' lang='lat' dir='ltr'><strong>docentium</strong></span> <span class='ocrx_word' id='word_1_363' title='bbox 1727 3961 1761 4015; x_wconf 91' lang='lat' dir='ltr'><strong>et</strong></span> <span class='ocrx_word' id='word_1_364' title='bbox 1783 3949 2006 4018; x_wconf 87' lang='lat' dir='ltr'><strong>servientium.</strong></span> 
     </span>
     <span class='ocr_line' id='line_1_36' title="bbox 478 4020 1462 4134; baseline -0.001 -28"><span class='ocrx_word' id='word_1_365' title='bbox 478 4020 588 4125; x_wconf 83' lang='lat' dir='ltr'><strong>Quid</strong></span> <span class='ocrx_word' id='word_1_366' title='bbox 619 4022 820 4133; x_wconf 83' lang='lat' dir='ltr'><strong>significat</strong></span> <span class='ocrx_word' id='word_1_367' title='bbox 848 4051 1000 4105; x_wconf 85' lang='lat' dir='ltr'><strong>nomen</strong></span> <span class='ocrx_word' id='word_1_368' title='bbox 1013 4021 1186 4105; x_wconf 89' lang='lat' dir='ltr'><strong>Diaconi</strong></span> <span class='ocrx_word' id='word_1_369' title='bbox 1211 4023 1255 4106; x_wconf 90' lang='lat' dir='ltr'><strong>in</strong></span> <span class='ocrx_word' id='word_1_370' title='bbox 1284 4021 1462 4134; x_wconf 82' lang='lat' dir='ltr'><strong>genere?</strong></span> 
     </span>
    </p>
   </div>
   <div class='ocr_carea' id='block_1_8' title="bbox 392 4205 2585 5671">
    <p class='ocr_par' dir='ltr' id='par_1_8' title="bbox 392 4205 2585 5671">
     <span class='ocr_line' id='line_1_37' title="bbox 564 4205 1463 4289; baseline 0 -21"><span class='ocrx_word' id='word_1_371' title='bbox 564 4205 710 4281; x_wconf 83' lang='grc' dir='ltr'><strong><em>Διάκονας</em></strong></span> <span class='ocrx_word' id='word_1_372' title='bbox 732 4208 834 4282; x_wconf 80' lang='lat' dir='ltr'><strong>beist,</strong></span> <span class='ocrx_word' id='word_1_373' title='bbox 866 4208 927 4272; x_wconf 82' lang='lat' dir='ltr'><strong>der</strong></span> <span class='ocrx_word' id='word_1_374' title='bbox 949 4213 985 4271; x_wconf 83' lang='lat' dir='ltr'><strong>ta</strong></span> <span class='ocrx_word' id='word_1_375' title='bbox 1012 4212 1116 4271; x_wconf 80' lang='lat' dir='ltr'><strong>cirtem</strong></span> <span class='ocrx_word' id='word_1_376' title='bbox 1137 4215 1229 4289; x_wconf 85' lang='lat' dir='ltr'><strong>anrpt</strong></span> <span class='ocrx_word' id='word_1_377' title='bbox 1248 4212 1299 4288; x_wconf 80' lang='lat' dir='ltr'><strong>ist,</strong></span> <span class='ocrx_word' id='word_1_378' title='bbox 1326 4205 1463 4270; x_wconf 78' lang='grc' dir='ltr'><strong><em>διακονία</em></strong></span> 
     </span>
     <span class='ocr_line' id='line_1_38' title="bbox 479 4288 2397 4378; baseline -0.003 -21"><span class='ocrx_word' id='word_1_379' title='bbox 479 4298 532 4357; x_wconf 79' lang='lat' dir='ltr'><strong>eta</strong></span> <span class='ocrx_word' id='word_1_380' title='bbox 565 4302 664 4376; x_wconf 85' lang='lat' dir='ltr'><strong>ampt.</strong></span> <span class='ocrx_word' id='word_1_381' title='bbox 720 4290 894 4357; x_wconf 88' lang='lat' dir='ltr'><strong>Diacouus</strong></span> <span class='ocrx_word' id='word_1_382' title='bbox 935 4290 1104 4378; x_wconf 83' lang='lat' dir='ltr'><strong>s&#39;guilicat</strong></span> <span class='ocrx_word' id='word_1_383' title='bbox 1138 4313 1232 4369; x_wconf 80' lang='lat' dir='ltr'><strong>eunt,</strong></span> <span class='ocrx_word' id='word_1_384' title='bbox 1272 4294 1330 4375; x_wconf 92' lang='lat' dir='ltr'><strong>qui</strong></span> <span class='ocrx_word' id='word_1_385' title='bbox 1361 4292 1462 4355; x_wconf 87' lang='lat' dir='ltr'><strong>habet</strong></span> <span class='ocrx_word' id='word_1_386' title='bbox 1661 4351 1669 4368; x_wconf 74' lang='grc'>,</span> <span class='ocrx_word' id='word_1_387' title='bbox 1784 4288 1794 4309; x_wconf 76' lang='grc'><strong>“</strong></span> <span class='ocrx_word' id='word_1_388' title='bbox 2093 4349 2102 4366; x_wconf 78' lang='grc'><em>,</em></span> <span class='ocrx_word' id='word_1_389' title='bbox 2275 4347 2284 4364; x_wconf 82' lang='grc'><em>,</em></span> <span class='ocrx_word' id='word_1_390' title='bbox 2387 4348 2397 4366; x_wconf 78' lang='grc'><strong>,</strong></span> 
     </span>
     <span class='ocr_line' id='line_1_39' title="bbox 479 4346 2427 4461; baseline -0.005 -18"><span class='ocrx_word' id='word_1_391' title='bbox 479 4375 813 4456; x_wconf 88' lang='lat' dir='ltr'><strong>administrationem,</strong></span> <span class='ocrx_word' id='word_1_392' title='bbox 848 4379 900 4442; x_wconf 81' lang='lat' dir='ltr'><strong>ola</strong></span> <span class='ocrx_word' id='word_1_393' title='bbox 932 4380 976 4443; x_wconf 81' lang='lat' dir='ltr'><strong>da</strong></span> <span class='ocrx_word' id='word_1_394' title='bbox 1007 4379 1053 4443; x_wconf 84' lang='lat' dir='ltr'><strong>ist</strong></span> <span class='ocrx_word' id='word_1_395' title='bbox 1074 4383 1126 4441; x_wconf 84' lang='lat' dir='ltr'><strong>cta</strong></span> <span class='ocrx_word' id='word_1_396' title='bbox 1157 4380 1368 4452; x_wconf 79' lang='lat' dir='ltr'><strong>kustenlcerr,</strong></span> <span class='ocrx_word' id='word_1_397' title='bbox 1403 4378 1463 4440; x_wconf 84' lang='lat' dir='ltr'><strong>der</strong></span> <span class='ocrx_word' id='word_1_398' title='bbox 1590 4347 1701 4452; x_wconf 83' lang='lat' dir='ltr'><strong>Qud</strong></span> <span class='ocrx_word' id='word_1_399' title='bbox 1732 4361 1849 4432; x_wconf 77' lang='lat' dir='ltr'><strong>erant</strong></span> <span class='ocrx_word' id='word_1_400' title='bbox 1877 4351 2105 4461; x_wconf 75' lang='lat' dir='ltr'><strong>presbyten</strong></span> <span class='ocrx_word' id='word_1_401' title='bbox 2137 4359 2180 4430; x_wconf 76' lang='lat' dir='ltr'><strong>ei</strong></span> <span class='ocrx_word' id='word_1_402' title='bbox 2209 4346 2427 4460; x_wconf 73' lang='lat' dir='ltr'><strong>Eplseopll</strong></span> 
     </span>
     <span class='ocr_line' id='line_1_40' title="bbox 477 4462 1462 4545; baseline -0.004 -16"><span class='ocrx_word' id='word_1_403' title='bbox 477 4466 542 4529; x_wconf 77' lang='lat' dir='ltr'><strong>dea</strong></span> <span class='ocrx_word' id='word_1_404' title='bbox 572 4469 740 4545; x_wconf 70' lang='lat' dir='ltr'><strong>pernetam</strong></span> <span class='ocrx_word' id='word_1_405' title='bbox 771 4468 888 4529; x_wconf 75' lang='lat' dir='ltr'><strong>aaran</strong></span> <span class='ocrx_word' id='word_1_406' title='bbox 920 4468 978 4530; x_wconf 79' lang='grc' dir='ltr'><strong><em>ίιαί</em></strong></span> <span class='ocrx_word' id='word_1_407' title='bbox 1009 4483 1048 4528; x_wconf 85' lang='lat' dir='ltr'><strong>zu</strong></span> <span class='ocrx_word' id='word_1_408' title='bbox 1083 4467 1264 4528; x_wconf 82' lang='lat' dir='ltr'><strong>ocrwoltea.</strong></span> <span class='ocrx_word' id='word_1_409' title='bbox 1319 4462 1462 4525; x_wconf 85' lang='lat' dir='ltr'><strong>Diaconi</strong></span> 
     </span>
     <span class='ocr_line' id='line_1_41' title="bbox 475 4546 2501 4634; baseline 0 -20"><span class='ocrx_word' id='word_1_410' title='bbox 475 4548 694 4634; x_wconf 80' lang='lat' dir='ltr'><strong>praefuerant</strong></span> <span class='ocrx_word' id='word_1_411' title='bbox 725 4551 874 4630; x_wconf 88' lang='lat' dir='ltr'><strong>aerario,</strong></span> <span class='ocrx_word' id='word_1_412' title='bbox 913 4562 947 4615; x_wconf 90' lang='lat' dir='ltr'><strong>et</strong></span> <span class='ocrx_word' id='word_1_413' title='bbox 980 4546 1091 4614; x_wconf 89' lang='lat' dir='ltr'><strong>multis</strong></span> <span class='ocrx_word' id='word_1_414' title='bbox 1125 4550 1279 4633; x_wconf 83' lang='lat' dir='ltr'><strong>negotiis,</strong></span> <span class='ocrx_word' id='word_1_415' title='bbox 1335 4546 1462 4612; x_wconf 87' lang='lat' dir='ltr'><strong>Poulns</strong></span> <span class='ocrx_word' id='word_1_416' title='bbox 1600 4548 1742 4634; x_wconf 89' lang='lat' dir='ltr'><strong>Utrique</strong></span> <span class='ocrx_word' id='word_1_417' title='bbox 1764 4549 1932 4612; x_wconf 89' lang='lat' dir='ltr'><strong>docebant</strong></span> <span class='ocrx_word' id='word_1_418' title='bbox 1944 4558 1976 4612; x_wconf 90' lang='lat' dir='ltr'><strong>et</strong></span> <span class='ocrx_word' id='word_1_419' title='bbox 1992 4547 2501 4617; x_wconf 86' lang='lat' dir='ltr'><strong>administrabant-Sacramenta</strong></span> 
     </span>
     <span class='ocr_line' id='line_1_42' title="bbox 475 4633 2500 4722; baseline 0 -22"><span class='ocrx_word' id='word_1_420' title='bbox 475 4638 580 4701; x_wconf 92' lang='lat' dir='ltr'><strong>utitur</strong></span> <span class='ocrx_word' id='word_1_421' title='bbox 602 4657 687 4702; x_wconf 89' lang='lat' dir='ltr'><strong>voce</strong></span> <span class='ocrx_word' id='word_1_422' title='bbox 717 4642 904 4722; x_wconf 73' lang='grc' dir='ltr'><strong>λειτουργίαι,</strong></span> <span class='ocrx_word' id='word_1_423' title='bbox 934 4638 1021 4703; x_wconf 84' lang='lat' dir='ltr'><strong>sicut</strong></span> <span class='ocrx_word' id='word_1_424' title='bbox 1044 4637 1142 4701; x_wconf 89' lang='lat' dir='ltr'><strong>etiam</strong></span> <span class='ocrx_word' id='word_1_425' title='bbox 1163 4634 1294 4715; x_wconf 80' lang='lat' dir='ltr'><strong>Moses,</strong></span> <span class='ocrx_word' id='word_1_426' title='bbox 1328 4635 1461 4721; x_wconf 87' lang='lat' dir='ltr'><strong>quondo</strong></span> <span class='ocrx_word' id='word_1_427' title='bbox 1515 4633 1650 4721; x_wconf 89' lang='lat' dir='ltr'><strong>populo.</strong></span> <span class='ocrx_word' id='word_1_428' title='bbox 1692 4634 1759 4699; x_wconf 84' lang='lat' dir='ltr'><strong>Sed</strong></span> <span class='ocrx_word' id='word_1_429' title='bbox 1783 4635 1848 4698; x_wconf 93' lang='lat' dir='ltr'><strong>hoc</strong></span> <span class='ocrx_word' id='word_1_430' title='bbox 1869 4636 2042 4700; x_wconf 85' lang='lat' dir='ltr'><strong>intererat:</strong></span> <span class='ocrx_word' id='word_1_431' title='bbox 2065 4636 2255 4720; x_wconf 81' lang='lat' dir='ltr'><strong>Episcopus</strong></span> <span class='ocrx_word' id='word_1_432' title='bbox 2277 4634 2426 4701; x_wconf 89' lang='lat' dir='ltr'><strong>habebat</strong></span> <span class='ocrx_word' id='word_1_433' title='bbox 2446 4636 2500 4700; x_wconf 89' lang='lat' dir='ltr'><strong>ius</strong></span> 
     </span>
     <span class='ocr_line' id='line_1_43' title="bbox 476 4721 2501 4808; baseline -0.001 -21"><span class='ocrx_word' id='word_1_434' title='bbox 476 4725 626 4787; x_wconf 86' lang='lat' dir='ltr'><strong>nominat</strong></span> <span class='ocrx_word' id='word_1_435' title='bbox 658 4744 762 4788; x_wconf 92' lang='lat' dir='ltr'><strong>onera</strong></span> <span class='ocrx_word' id='word_1_436' title='bbox 795 4724 1003 4801; x_wconf 80' lang='lat' dir='ltr'><strong>heritarum,</strong></span> <span class='ocrx_word' id='word_1_437' title='bbox 1035 4733 1136 4788; x_wconf 90' lang='lat' dir='ltr'><strong>vocat</strong></span> <span class='ocrx_word' id='word_1_438' title='bbox 1170 4726 1359 4806; x_wconf 71' lang='grc' dir='ltr'><strong><em>λειτουργίαι.</em></strong></span> <span class='ocrx_word' id='word_1_439' title='bbox 1405 4721 1462 4785; x_wconf 90' lang='lat' dir='ltr'><strong>Sic</strong></span> <span class='ocrx_word' id='word_1_440' title='bbox 1515 4722 1796 4787; x_wconf 84' lang='lat' dir='ltr'><strong>administrandae</strong></span> <span class='ocrx_word' id='word_1_441' title='bbox 1824 4721 2063 4787; x_wconf 87' lang='lat' dir='ltr'><strong>Ordinationis.</strong></span> <span class='ocrx_word' id='word_1_442' title='bbox 2120 4722 2343 4808; x_wconf 84' lang='lat' dir='ltr'><strong>Hieronymus</strong></span> <span class='ocrx_word' id='word_1_443' title='bbox 2369 4723 2501 4801; x_wconf 87' lang='lat' dir='ltr'><strong>scribit,</strong></span> 
     </span>
     <span class='ocr_line' id='line_1_44' title="bbox 477 4806 2499 4893; baseline -0.001 -20"><span class='ocrx_word' id='word_1_444' title='bbox 477 4812 565 4874; x_wconf 86' lang='lat' dir='ltr'><strong>enim</strong></span> <span class='ocrx_word' id='word_1_445' title='bbox 593 4820 766 4874; x_wconf 86' lang='lat' dir='ltr'><strong>verterunt</strong></span> <span class='ocrx_word' id='word_1_446' title='bbox 787 4809 884 4872; x_wconf 82' lang='lat' dir='ltr'><strong>Lxx</strong></span> <span class='ocrx_word' id='word_1_447' title='bbox 916 4809 1129 4892; x_wconf 85' lang='lat' dir='ltr'><strong>Interpretcs.</strong></span> <span class='ocrx_word' id='word_1_448' title='bbox 1183 4809 1238 4874; x_wconf 84' lang='lat' dir='ltr'><strong>Ad</strong></span> <span class='ocrx_word' id='word_1_449' title='bbox 1271 4806 1461 4873; x_wconf 71' lang='lat' dir='ltr'><strong>Corinthios</strong></span> <span class='ocrx_word' id='word_1_450' title='bbox 1514 4811 1547 4874; x_wconf 90' lang='lat' dir='ltr'><strong>in</strong></span> <span class='ocrx_word' id='word_1_451' title='bbox 1567 4806 1670 4873; x_wconf 80' lang='lat' dir='ltr'><strong>Paulo</strong></span> <span class='ocrx_word' id='word_1_452' title='bbox 1693 4809 1780 4873; x_wconf 82' lang='lat' dir='ltr'><strong>idern</strong></span> <span class='ocrx_word' id='word_1_453' title='bbox 1804 4828 1882 4873; x_wconf 89' lang='lat' dir='ltr'><strong>csse</strong></span> <span class='ocrx_word' id='word_1_454' title='bbox 1909 4829 2028 4874; x_wconf 89' lang='lat' dir='ltr'><strong>nomen</strong></span> <span class='ocrx_word' id='word_1_455' title='bbox 2052 4808 2209 4893; x_wconf 85' lang='lat' dir='ltr'><strong>Episcopi</strong></span> <span class='ocrx_word' id='word_1_456' title='bbox 2237 4821 2270 4871; x_wconf 91' lang='lat' dir='ltr'><strong>et</strong></span> <span class='ocrx_word' id='word_1_457' title='bbox 2292 4808 2499 4892; x_wconf 89' lang='lat' dir='ltr'><strong>Presbyteri.</strong></span> 
     </span>
     <span class='ocr_line' id='line_1_45' title="bbox 476 4891 2501 4981; baseline -0.001 -22"><span class='ocrx_word' id='word_1_458' title='bbox 476 4896 583 4979; x_wconf 91' lang='lat' dir='ltr'><strong>inquit</strong></span> <span class='ocrx_word' id='word_1_459' title='bbox 605 4893 803 4981; x_wconf 82' lang='lat' dir='ltr'><strong>Apostolus:</strong></span> <span class='ocrx_word' id='word_1_460' title='bbox 837 4896 945 4961; x_wconf 76' lang='lat' dir='ltr'><strong>Huius</strong></span> <span class='ocrx_word' id='word_1_461' title='bbox 973 4899 1147 4963; x_wconf 79' lang='lat' dir='ltr'><strong>ministerii</strong></span> <span class='ocrx_word' id='word_1_462' title='bbox 1176 4898 1303 4981; x_wconf 77' lang='lat' dir='ltr'><strong>fractio</strong></span> <span class='ocrx_word' id='word_1_463' title='bbox 1338 4900 1467 4979; x_wconf 82' lang='lat' dir='ltr'><strong>supplet</strong></span> <span class='ocrx_word' id='word_1_464' title='bbox 1514 4895 1604 4960; x_wconf 86' lang='lat' dir='ltr'><strong>idern</strong></span> <span class='ocrx_word' id='word_1_465' title='bbox 1636 4898 1701 4975; x_wconf 91' lang='lat' dir='ltr'><strong>ait,</strong></span> <span class='ocrx_word' id='word_1_466' title='bbox 1733 4891 1816 4958; x_wconf 90' lang='lat' dir='ltr'><strong>nihil</strong></span> <span class='ocrx_word' id='word_1_467' title='bbox 1847 4896 2013 4960; x_wconf 88' lang='lat' dir='ltr'><strong>interesse</strong></span> <span class='ocrx_word' id='word_1_468' title='bbox 2046 4897 2133 4959; x_wconf 91' lang='lat' dir='ltr'><strong>intcr</strong></span> <span class='ocrx_word' id='word_1_469' title='bbox 2155 4895 2356 4980; x_wconf 86' lang='lat' dir='ltr'><strong>Episcopum</strong></span> <span class='ocrx_word' id='word_1_470' title='bbox 2379 4892 2501 4958; x_wconf 85' lang='lat' dir='ltr'><strong>Boma-</strong></span> 
     </span>
     <span class='ocr_line' id='line_1_46' title="bbox 476 4977 2502 5065; baseline -0.001 -18"><span class='ocrx_word' id='word_1_471' title='bbox 476 4984 636 5065; x_wconf 74' lang='lat' dir='ltr'><strong>desectum</strong></span> <span class='ocrx_word' id='word_1_472' title='bbox 659 4993 859 5049; x_wconf 84' lang='lat' dir='ltr'><strong>cunctorum:</strong></span> <span class='ocrx_word' id='word_1_473' title='bbox 878 4983 911 5046; x_wconf 91' lang='lat' dir='ltr'><strong>id</strong></span> <span class='ocrx_word' id='word_1_474' title='bbox 934 4997 998 5063; x_wconf 77' lang='lat' dir='ltr'><strong>est,</strong></span> <span class='ocrx_word' id='word_1_475' title='bbox 1022 4983 1279 5060; x_wconf 89' lang='lat' dir='ltr'><strong>administratio,</strong></span> <span class='ocrx_word' id='word_1_476' title='bbox 1313 4984 1367 5047; x_wconf 79' lang='lat' dir='ltr'><strong>dic</strong></span> <span class='ocrx_word' id='word_1_477' title='bbox 1388 5003 1462 5047; x_wconf 81' lang='lat' dir='ltr'><strong>aar·</strong></span> <span class='ocrx_word' id='word_1_478' title='bbox 1515 5003 1643 5063; x_wconf 88' lang='lat' dir='ltr'><strong>norum,</strong></span> <span class='ocrx_word' id='word_1_479' title='bbox 1666 4992 1699 5046; x_wconf 88' lang='lat' dir='ltr'><strong>et</strong></span> <span class='ocrx_word' id='word_1_480' title='bbox 1720 4980 2012 5047; x_wconf 89' lang='lat' dir='ltr'><strong>Wormaticnsem.</strong></span> <span class='ocrx_word' id='word_1_481' title='bbox 2056 4981 2133 5046; x_wconf 86' lang='lat' dir='ltr'><strong>Fuit</strong></span> <span class='ocrx_word' id='word_1_482' title='bbox 2155 4983 2186 5046; x_wconf 89' lang='lat' dir='ltr'><strong>ei</strong></span> <span class='ocrx_word' id='word_1_483' title='bbox 2219 4982 2300 5043; x_wconf 88' lang='lat' dir='ltr'><strong>urhs</strong></span> <span class='ocrx_word' id='word_1_484' title='bbox 2334 4977 2392 5044; x_wconf 90' lang='lat' dir='ltr'><strong>illa</strong></span> <span class='ocrx_word' id='word_1_485' title='bbox 2416 4982 2502 5046; x_wconf 87' lang='lat' dir='ltr'><strong>hena</strong></span> 
     </span>
     <span class='ocr_line' id='line_1_47' title="bbox 477 5066 2503 5155; baseline 0 -22"><span class='ocrx_word' id='word_1_486' title='bbox 477 5073 629 5150; x_wconf 78' lang='lat' dir='ltr'><strong>ricbtunp</strong></span> <span class='ocrx_word' id='word_1_487' title='bbox 656 5066 856 5144; x_wconf 90' lang='lat' dir='ltr'><strong>collationis,</strong></span> <span class='ocrx_word' id='word_1_488' title='bbox 887 5070 917 5133; x_wconf 74' lang='lat'><strong>2.</strong></span> <span class='ocrx_word' id='word_1_489' title='bbox 943 5066 1090 5132; x_wconf 90' lang='lat' dir='ltr'><strong>Corinth.</strong></span> <span class='ocrx_word' id='word_1_490' title='bbox 1120 5067 1152 5133; x_wconf 89' lang='grc'><strong>9.</strong></span> <span class='ocrx_word' id='word_1_491' title='bbox 1192 5066 1210 5147; x_wconf 77' lang='grc' dir='ltr'><em>ἦ</em></span> <span class='ocrx_word' id='word_1_492' title='bbox 1239 5067 1375 5131; x_wconf 80' lang='grc' dir='ltr'><strong><em>διακονία</em></strong></span> <span class='ocrx_word' id='word_1_493' title='bbox 1410 5071 1463 5147; x_wconf 78' lang='grc' dir='ltr'><strong>τῆς</strong></span> <span class='ocrx_word' id='word_1_494' title='bbox 1514 5081 1605 5133; x_wconf 86' lang='lat' dir='ltr'><strong>nota.</strong></span> <span class='ocrx_word' id='word_1_495' title='bbox 1657 5068 1732 5133; x_wconf 85' lang='lat' dir='ltr'><strong>Fuit</strong></span> <span class='ocrx_word' id='word_1_496' title='bbox 1766 5071 1853 5134; x_wconf 91' lang='lat' dir='ltr'><strong>enim</strong></span> <span class='ocrx_word' id='word_1_497' title='bbox 1885 5071 1918 5132; x_wconf 93' lang='lat' dir='ltr'><strong>in</strong></span> <span class='ocrx_word' id='word_1_498' title='bbox 1951 5067 2091 5155; x_wconf 88' lang='lat' dir='ltr'><strong>Synodo</strong></span> <span class='ocrx_word' id='word_1_499' title='bbox 2124 5067 2317 5133; x_wconf 80' lang='lat' dir='ltr'><strong>Trevireusi</strong></span> <span class='ocrx_word' id='word_1_500' title='bbox 2350 5074 2503 5152; x_wconf 83' lang='lat' dir='ltr'><strong>tempora</strong></span> 
     </span>
     <span class='ocr_line' id='line_1_48' title="bbox 477 5152 1692 5241; baseline 0.001 -25"><span class='ocrx_word' id='word_1_501' title='bbox 477 5156 661 5241; x_wconf 75' lang='grc' dir='ltr'><strong><em>λειτουργίας</em></strong></span> <span class='ocrx_word' id='word_1_502' title='bbox 682 5156 790 5235; x_wconf 72' lang='grc' dir='ltr'><strong><em>ταύτης</em></strong></span> <span class='ocrx_word' id='word_1_503' title='bbox 818 5159 881 5220; x_wconf 79' lang='lat' dir='ltr'><strong>lcrl</strong></span> <span class='ocrx_word' id='word_1_504' title='bbox 909 5158 1194 5240; x_wconf 76' lang='grc' dir='ltr'><strong><em>προςαναπλγραῦαα</em></strong></span> <span class='ocrx_word' id='word_1_505' title='bbox 1212 5153 1249 5218; x_wconf 82' lang='lat' dir='ltr'><strong>roi</strong></span> <span class='ocrx_word' id='word_1_506' title='bbox 1278 5152 1462 5239; x_wconf 75' lang='grc' dir='ltr'><strong><em>ὑστερήματα</em></strong></span> <span class='ocrx_word' id='word_1_507' title='bbox 1514 5155 1692 5221; x_wconf 79' lang='lat' dir='ltr'><strong>Maximini.</strong></span> 
     </span>
     <span class='ocr_line' id='line_1_49' title="bbox 476 5238 2585 5328; baseline 0 -26"><span class='ocrx_word' id='word_1_508' title='bbox 476 5245 537 5304; x_wconf 79' lang='grc' dir='ltr'><strong>τῶν</strong></span> <span class='ocrx_word' id='word_1_509' title='bbox 554 5241 660 5323; x_wconf 83' lang='grc' dir='ltr'><strong><em>οἱγίυυυ.</em></strong></span> <span class='ocrx_word' id='word_1_510' title='bbox 697 5241 891 5327; x_wconf 80' lang='grc' dir='ltr'><strong><em>Λειτουργὸς,</em></strong></span> <span class='ocrx_word' id='word_1_511' title='bbox 914 5243 969 5328; x_wconf 90' lang='lat' dir='ltr'><strong>qai</strong></span> <span class='ocrx_word' id='word_1_512' title='bbox 992 5243 1134 5306; x_wconf 89' lang='lat' dir='ltr'><strong>sustinet</strong></span> <span class='ocrx_word' id='word_1_513' title='bbox 1157 5261 1255 5320; x_wconf 85' lang='lat' dir='ltr'><strong>onus,</strong></span> <span class='ocrx_word' id='word_1_514' title='bbox 1283 5244 1465 5306; x_wconf 73' lang='lat' dir='ltr'><strong>esserum</strong></span> <span class='ocrx_word' id='word_1_515' title='bbox 1600 5242 1730 5307; x_wconf 91' lang='lat' dir='ltr'><strong>Nomen</strong></span> <span class='ocrx_word' id='word_1_516' title='bbox 1753 5239 1911 5325; x_wconf 90' lang='lat' dir='ltr'><strong>Episcopi</strong></span> <span class='ocrx_word' id='word_1_517' title='bbox 1945 5251 2112 5326; x_wconf 87' lang='lat' dir='ltr'><strong>sumptum</strong></span> <span class='ocrx_word' id='word_1_518' title='bbox 2146 5253 2200 5305; x_wconf 91' lang='lat' dir='ltr'><strong>est</strong></span> <span class='ocrx_word' id='word_1_519' title='bbox 2221 5242 2264 5305; x_wconf 88' lang='lat' dir='ltr'><strong>ab</strong></span> <span class='ocrx_word' id='word_1_520' title='bbox 2288 5238 2501 5305; x_wconf 78' lang='lat' dir='ltr'><strong>Atheniensi·</strong></span> <span class='ocrx_word' id='word_1_521' title='bbox 2582 5312 2585 5319; x_wconf 26' lang='lat'><strong>¹</strong></span> 
     </span>
     <span class='ocr_line' id='line_1_50' title="bbox 475 5327 2503 5414; baseline -0.001 -20"><span class='ocrx_word' id='word_1_522' title='bbox 475 5331 581 5408; x_wconf 75' lang='lat' dir='ltr'><strong>oeldo,</strong></span> <span class='ocrx_word' id='word_1_523' title='bbox 598 5333 677 5395; x_wconf 88' lang='lat' dir='ltr'><strong>oder</strong></span> <span class='ocrx_word' id='word_1_524' title='bbox 698 5331 824 5394; x_wconf 84' lang='lat' dir='ltr'><strong>andern</strong></span> <span class='ocrx_word' id='word_1_525' title='bbox 846 5329 987 5413; x_wconf 80' lang='lat' dir='ltr'><strong>Dinpcn.</strong></span> <span class='ocrx_word' id='word_1_526' title='bbox 1031 5328 1088 5392; x_wconf 87' lang='lat' dir='ltr'><strong>Sic</strong></span> <span class='ocrx_word' id='word_1_527' title='bbox 1111 5327 1272 5393; x_wconf 89' lang='lat' dir='ltr'><strong>diaconus</strong></span> <span class='ocrx_word' id='word_1_528' title='bbox 1302 5329 1390 5394; x_wconf 81' lang='lat' dir='ltr'><strong>beist</strong></span> <span class='ocrx_word' id='word_1_529' title='bbox 1407 5329 1463 5393; x_wconf 84' lang='lat' dir='ltr'><strong>eia</strong></span> <span class='ocrx_word' id='word_1_530' title='bbox 1514 5331 1591 5405; x_wconf 87' lang='lat' dir='ltr'><strong>bus,</strong></span> <span class='ocrx_word' id='word_1_531' title='bbox 1625 5327 1793 5414; x_wconf 85' lang='lat' dir='ltr'><strong>significat</strong></span> <span class='ocrx_word' id='word_1_532' title='bbox 1832 5328 2069 5413; x_wconf 87' lang='lat' dir='ltr'><strong>inspectorem.</strong></span> <span class='ocrx_word' id='word_1_533' title='bbox 2136 5327 2292 5410; x_wconf 88' lang='lat' dir='ltr'><strong>Spartani</strong></span> <span class='ocrx_word' id='word_1_534' title='bbox 2333 5330 2503 5394; x_wconf 87' lang='lat' dir='ltr'><strong>vocabant</strong></span> 
     </span>
     <span class='ocr_line' id='line_1_51' title="bbox 477 5411 2503 5502; baseline -0.001 -23"><span class='ocrx_word' id='word_1_535' title='bbox 477 5417 628 5498; x_wconf 69' lang='lat' dir='ltr'><strong>artarer,</strong></span> <span class='ocrx_word' id='word_1_536' title='bbox 650 5417 704 5502; x_wconf 90' lang='lat' dir='ltr'><strong>qui</strong></span> <span class='ocrx_word' id='word_1_537' title='bbox 728 5416 870 5481; x_wconf 86' lang='lat' dir='ltr'><strong>laborat.</strong></span> <span class='ocrx_word' id='word_1_538' title='bbox 915 5411 1041 5481; x_wconf 86' lang='lat' dir='ltr'><strong>Paulus</strong></span> <span class='ocrx_word' id='word_1_539' title='bbox 1063 5416 1212 5480; x_wconf 87' lang='lat' dir='ltr'><strong>nominat</strong></span> <span class='ocrx_word' id='word_1_540' title='bbox 1241 5434 1324 5478; x_wconf 87' lang='lat' dir='ltr'><strong>suos</strong></span> <span class='ocrx_word' id='word_1_541' title='bbox 1346 5415 1461 5480; x_wconf 88' lang='lat' dir='ltr'><strong>socios</strong></span> <span class='ocrx_word' id='word_1_542' title='bbox 1515 5418 1664 5499; x_wconf 78' lang='lat' dir='ltr'><strong>Ephorot</strong></span> <span class='ocrx_word' id='word_1_543' title='bbox 1685 5426 1719 5479; x_wconf 91' lang='lat' dir='ltr'><strong>et</strong></span> <span class='ocrx_word' id='word_1_544' title='bbox 1746 5412 1907 5498; x_wconf 75' lang='grc' dir='ltr'><strong><em>ἄρμοατας.</em></strong></span> <span class='ocrx_word' id='word_1_545' title='bbox 1962 5414 2062 5480; x_wconf 82' lang='grc' dir='ltr'><strong>Τατοί</strong></span> <span class='ocrx_word' id='word_1_546' title='bbox 2089 5415 2123 5479; x_wconf 91' lang='lat' dir='ltr'><strong>in</strong></span> <span class='ocrx_word' id='word_1_547' title='bbox 2146 5413 2298 5502; x_wconf 83' lang='lat' dir='ltr'><strong>Ungaria</strong></span> <span class='ocrx_word' id='word_1_548' title='bbox 2330 5414 2503 5498; x_wconf 86' lang='lat' dir='ltr'><strong>imponunt</strong></span> 
     </span>
     <span class='ocr_line' id='line_1_52' title="bbox 392 5500 2115 5589; baseline 0.003 -25"><span class='ocrx_word' id='word_1_549' title='bbox 392 5552 396 5557; x_wconf 94' lang='lat'><strong>.</strong></span> <span class='ocrx_word' id='word_1_550' title='bbox 476 5500 512 5564; x_wconf 93' lang='lat' dir='ltr'><strong>in</strong></span> <span class='ocrx_word' id='word_1_551' title='bbox 530 5503 711 5568; x_wconf 77' lang='lat' dir='ltr'><strong>ministerio</strong></span> <span class='ocrx_word' id='word_1_552' title='bbox 734 5501 993 5589; x_wconf 79' lang='grc' dir='ltr'><strong><em>αυλλειτουργοὺς,</em></strong></span> <span class='ocrx_word' id='word_1_553' title='bbox 1015 5502 1049 5567; x_wconf 90' lang='lat' dir='ltr'><strong>id</strong></span> <span class='ocrx_word' id='word_1_554' title='bbox 1072 5512 1136 5581; x_wconf 90' lang='lat' dir='ltr'><strong>est,</strong></span> <span class='ocrx_word' id='word_1_555' title='bbox 1158 5500 1256 5568; x_wconf 90' lang='lat' dir='ltr'><strong>simul</strong></span> <span class='ocrx_word' id='word_1_556' title='bbox 1274 5502 1461 5567; x_wconf 86' lang='lat' dir='ltr'><strong>servientes</strong></span> <span class='ocrx_word' id='word_1_557' title='bbox 1514 5502 1655 5568; x_wconf 89' lang='lat' dir='ltr'><strong>urbibus</strong></span> <span class='ocrx_word' id='word_1_558' title='bbox 1680 5504 1805 5582; x_wconf 76' lang='lat' dir='ltr'><strong>Cadra,</strong></span> <span class='ocrx_word' id='word_1_559' title='bbox 1822 5504 1857 5567; x_wconf 94' lang='lat' dir='ltr'><strong>id</strong></span> <span class='ocrx_word' id='word_1_560' title='bbox 1878 5513 1942 5583; x_wconf 86' lang='lat' dir='ltr'><strong>est,</strong></span> <span class='ocrx_word' id='word_1_561' title='bbox 1963 5502 2115 5569; x_wconf 80' lang='lat' dir='ltr'><strong>iudicent.</strong></span> 
     </span>
     <span class='ocr_line' id='line_1_53' title="bbox 476 5586 904 5671; baseline 0.005 -20"><span class='ocrx_word' id='word_1_562' title='bbox 476 5586 512 5651; x_wconf 85' lang='lat' dir='ltr'><strong>lu</strong></span> <span class='ocrx_word' id='word_1_563' title='bbox 533 5586 680 5671; x_wconf 86' lang='lat' dir='ltr'><strong>publicis</strong></span> <span class='ocrx_word' id='word_1_564' title='bbox 701 5590 904 5655; x_wconf 84' lang='lat' dir='ltr'><strong>ministeriis.</strong></span> 
     </span>
    </p>
   </div>
   <div class='ocr_carea' id='block_1_9' title="bbox 0 0 2978 6708">
    <p class='ocr_par' dir='ltr' id='par_1_9' title="bbox 0 0 2978 6708">
     <span class='ocr_line' id='line_1_54' title="bbox 0 0 2978 6708; baseline 0 0"><span class='ocrx_word' id='word_1_565' title='bbox 0 0 2978 6708; x_wconf 95' lang='lat' dir='ltr'><strong> </strong></span> 
     </span>
    </p>
   </div>
  </div>
 </body>
</html>
