5934 6709
478 711 544 779 ²8³
653 806 656 811 Ι
1118 714 1229 781 rhu.
1252 714 1354 780 MEL.
1377 713 1564 783 SCRIPTA
1588 712 1852 779 exhauritur.
2427 712 2494 779 28⁴

481 902 651 982 trociniis,
684 914 721 967 ut
754 904 818 967 sab
851 903 1050 970 Aristobulo
1090 915 1124 968 et
1150 902 1296 968 llircana
1335 899 1460 967 lactum
1481 932 1488 972 ι
1509 904 1688 985 pmccipua
1720 914 1784 980 est,
1816 902 1906 987 quod
1937 899 2139 967 horribiliter
2172 912 2335 987 vagentur
2363 920 2496 984 poenae

480 1001 544 1055 est.
573 988 651 1053 ldeo
673 988 763 1053 misit
783 989 951 1072 potentius
968 989 1011 1054 im
1036 990 1138 1054 eriam
1152 987 1347 1066 Burrenum,
1370 989 1459 1072 quod
1509 1007 1569 1071 per
1590 987 1759 1065 mundum,
1776 1006 1837 1071 per
1854 1000 1958 1053 totum
1981 1007 2088 1073 genus
2110 987 2302 1066 humanum,
2333 998 2368 1052 et
2401 986 2494 1073 quud

479 1074 737 1139 iurisdictionem
771 1075 978 1158 superiorem
1055 1077 1160 1140 beret.
1211 1072 1366 1139 Christus
1399 1070 1460 1138 luit
1509 1075 1575 1138 sint
1596 1092 1737 1159 maguae
1747 1076 1863 1138 ruinae
1880 1075 2093 1156 imperiorum
2105 1075 2257 1139 omnibus
2269 1075 2493 1157 temporibus:

479 1162 542 1226 sub
576 1157 772 1224 defensione
795 1159 1033 1241 Romanorum,
1067 1163 1100 1226 in
1122 1159 1343 1245 Capernaum.
1388 1157 1458 1224 sub
1481 1193 1487 1281 Ι
1509 1170 1542 1225 et
1565 1160 1655 1245 quod
1677 1169 1788 1224 tamen
1810 1157 1904 1224 Deus
1926 1160 1990 1224 sihi
2012 1160 2098 1224 inter
2119 1156 2195 1225 illas
2217 1159 2331 1226 ruinas
2355 1156 2494 1246 colligat

478 1245 596 1310 'furcis
617 1246 732 1311 durior
754 1256 808 1312 est
828 1248 991 1313 servitus:
1013 1249 1107 1333 quia,
1129 1248 1193 1312 etsi
1215 1245 1404 1330 relinquunt
1425 1245 1459 1310 in
1509 1257 1543 1310 et
1563 1254 1677 1310 servet
1698 1258 1868 1311 aeternam
1889 1243 2088 1311 Ecclesiam.
2131 1244 2224 1311 llaec
2251 1257 2304 1311 cst
2326 1246 2494 1333 principa·

477 1334 561 1397 Asia
584 1345 617 1397 et
640 1328 783 1397 Graecia
804 1331 976 1398 Ecclesiae
998 1347 1032 1399 et
1052 1332 1238 1413 αὐτονομίαν,
1271 1343 1381 1396 tamen
1403 1327 1460 1395 illa
1480 1294 1487 1442 Ι
1508 1328 1551 1394 lis
1573 1334 1712 1397 materia
1732 1332 1831 1399 huius
1854 1332 2038 1397 concionis.
2076 1328 2341 1397 Commonefaeit
2361 1351 2427 1396 nos
2449 1332 2494 1399 da

478 1419 615 1493 miseria
635 1419 780 1497 accedit,
814 1420 905 1505 qnod
931 1417 1059 1506 eligunt
1081 1439 1123 1484 ex
1146 1418 1391 1485 honestissimis
1411 1413 1459 1481 fa·
1509 1414 1587 1495 illis,
1620 1437 1706 1503 quae
1740 1418 1823 1483 liunt
1855 1418 1888 1482 in
1923 1437 2047 1504 genere
2068 1416 2225 1497 humano,
2260 1438 2346 1504 quae
2367 1413 2494 1487 multos

478 1500 577 1569 miliia
609 1504 774 1582 iuvenes,
799 1516 832 1570 et
863 1517 998 1570 utuntur
1029 1502 1097 1571 illis
1129 1507 1173 1571 ad
1194 1504 1352 1570 militiam.
1396 1500 1459 1566 Est
1508 1515 1653 1582 movent,
1685 1516 1722 1567 ut
1743 1516 1858 1604 putent
1876 1502 1943 1569 nihi
1964 1523 2043 1569 esse
2060 1502 2258 1585 Esalesiam,
2280 1503 2363 1569 nihil
2382 1505 2496 1589 provi·

478 1590 701 1677 significatum
729 1588 851 1676 aliquid
885 1593 928 1658 de
959 1593 1101 1657 miseriis
1131 1592 1269 1657 extremi
1299 1590 1457 1673 temporis
1508 1590 1670 1654 dentiam:
1693 1611 1774 1675 quta
1807 1602 1920 1674 putant
1944 1587 2036 1655 lesse
2060 1588 2160 1655 valde
2193 1591 2393 1668 absurdum,
2424 1601 2495 1659 tam

478 1678 512 1741 in
533 1687 623 1741 statu
645 1673 779 1760 politiae
806 1674 977 1744 Mosaicae
998 1691 1077 1744 ante
1098 1679 1277 1743 adventum
1299 1675 1457 1741 hlessiae.
1507 1696 1661 1761 magnam
1694 1689 1821 1759 partem
1854 1677 1989 1763 generis
2021 1674 2155 1742 humani
2187 1688 2258 1741 tam
2288 1674 2495 1743 horribiliter

478 1760 523 1829 Ut
555 1761 664 1828 ludaei
697 1774 776 1827 tune
802 1762 935 1830 fuerunt
963 1766 997 1829 in
1026 1765 1187 1830 servitute
1209 1762 1374 1828 Romana:
1407 1761 1458 1826 sie
1508 1764 1624 1846 perire.
1671 1762 1812 1845 Oportet
1833 1775 1946 1828 autam
1967 1781 2031 1828 nos
2053 1782 2130 1827 esse
2153 1764 2240 1828 hene
2266 1764 2429 1843 munitos,
2455 1775 2494 1847 ut

477 1849 544 1913 ista
582 1849 695 1914 mundi
732 1861 870 1916 senecta
910 1852 971 1916 erit
1004 1851 1036 1917 in
1066 1854 1227 1917 servitute
1264 1849 1457 1915 Turcarum.
1508 1859 1709 1933 steteramus,
1730 1849 1864 1933 quando
1894 1847 1976 1914 fiunt
1997 1845 2077 1914 talia
2098 1846 2296 1932 spectacula
2328 1850 2494 1915 ruentium

478 1932 600 2001 Graeci
613 1934 742 2000 'l'urcas
765 1935 827 2019 ipsi
849 1934 1071 2002 inGraeciam
1092 1948 1316 2002 attraxerunt:
1339 1945 1459 2020 postea
1508 1954 1619 1999 rerum
1647 1935 1679 1997 in
1713 1955 1838 2020 genere
1868 1932 2030 2010 humana:
2062 1946 2174 2000 tamen
2205 1936 2332 2001 interea
2363 1937 2493 2002 servari

368 2030 376 2041 “
478 2018 605 2108 Ungarl
641 2023 675 2086 in
708 2019 900 2109 Ungariam.
955 2022 1013 2090 Sic
1046 2022 1211 2088 llircauus
1250 2018 1328 2087 olim
1361 2019 1459 2086 traxit
1508 2018 1707 2085 Ecclesiam.

478 2105 671 2191 Pompeium
693 2108 726 2172 in
748 2108 916 2190 Iudaeam,
949 2122 1084 2195 propter
1117 2109 1361 2175 dissensionem
1383 2127 1459 2171 curn
1599 2104 1745 2171 Pertinet
1765 2107 1865 2192 igitur
1886 2107 1971 2171 haec
1994 2108 2112 2171 concio
2134 2107 2178 2171 ad
2200 2104 2376 2173 articulum
2397 2104 2494 2173 fidei:

479 2191 684 2259 Aristobulo.
1512 2191 1616 2255 Credo
1650 2190 1824 2254 Ecclesiam
1858 2192 2067 2269 catholicam,
2111 2203 2145 2257 et
2187 2194 2289 2259 credo
2321 2193 2415 2265 hanc.
2431 2192 2494 2259 Ec-

1510 2277 1647 2343 clesiam
1697 2298 1777 2344 csse
1819 2281 1918 2345 istum
1964 2300 2103 2364 parvum
2149 2289 2302 2358 coctum,
2351 2280 2385 2343 in
2423 2298 2493 2366 quo

1508 2377 1608 2429 sonat
1652 2384 1718 2430 vox
1761 2362 1957 2451 Evangelii,
2013 2367 2068 2450 qui
2116 2384 2249 2450 semper
2303 2374 2357 2430 est
2399 2382 2494 2449 spra-

1509 2461 1576 2528 tus,
1621 2449 1861 2530 conculcatus,
1904 2450 2104 2517 miserabilis
2116 2496 2127 2528 ,
2160 2469 2230 2516 non
2268 2448 2494 2519 conferendus

1509 2538 1553 2603 ad
1574 2533 1666 2602 illam
1688 2536 1928 2604 multitudinem
1949 2538 1982 2601 in
2006 2557 2131 2625 genere
2158 2535 2320 2617 humano,
2349 2548 2384 2602 et
2403 2534 2496 2603 illam

1510 2620 1653 2710 gloriam
1681 2623 1904 2709 imperiorum.
1949 2622 2042 2689 llaec
2064 2620 2199 2689 collatio
2233 2636 2286 2688 est
2317 2643 2422 2709 saepe
2442 2640 2494 2689 re-

1510 2709 1611 2795 petita
1644 2712 1677 2774 in
1700 2710 1884 2795 Scriptura.
1928 2710 1978 2774 lta
2010 2710 2097 2775 enim
2128 2711 2236 2797 inquit
2264 2710 2369 2775 Amos
2404 2716 2493 2796 [cap.

1510 2794 1602 2874 ulti:
1636 2794 1721 2857 Ecce
1752 2797 1837 2859 oculi
1863 2795 1996 2860 Domini
2026 2816 2120 2877 saper
2140 2816 2268 2878 capream
2294 2816 2442 2877 peccans,
2462 2800 2496 2857 at

480 2913 524 2977 Et
545 2936 612 2978 m
634 2937 653 2976 a
766 2919 774 2936 ·
854 2925 902 2979 m
935 2917 1044 2978 „pm
1065 2919 1220 2980 mitatem
1258 2918 1346 2996 M,
1366 2937 1403 2979 m
1510 2880 1619 2944 delebo
1641 2885 1742 2963 iprroa
1763 2904 1857 2964 ευριπ·
1874 2885 1991 2962 saciata
2021 2891 2138 2944 tarrae:
2155 2889 2352 2945 eamcam
2372 2882 2497 2943 domant

650 2936 853 2999 mmm
874 2962 960 3065 fliam
996 3015 1050 3069 etc
1221 2963 1230 2990 ’
1401 2936 1460 2998 W
1510 2968 1608 3031 Iacob
1629 2989 1693 3030 aaa
1713 2978 1881 3039 canteram,
1903 2977 1951 3031 aet
1972 2971 2148 3030 concutiam
2168 2968 2249 3031 celat
2269 2971 2303 3029 ia
2325 2967 2440 3041 cribro,
2463 2972 2496 3029 at

967 3046 979 3082 '
1051 3049 1061 3068 ⁰
1510 3075 1640 3137 prumam
1684 3076 1747 3115 aaa
1793 3057 1887 3117 cadet
1930 3059 1964 3116 iu
1997 3062 2122 3116 terram.
2177 3052 2295 3117 Gladio
2323 3057 2495 3115 morierrtrtr

569 3197 705 3301 Quare
737 3201 814 3283 ista
845 3197 1011 3284 historm
1041 3201 1122 3284 iam
1154 3198 1369 3284 recitauul
1511 3141 2040 3307 mapllldls‘la'llllllstl‘s’t
2060 3140 2493 3293 ffur‘lnrlrlcullrrunrrorncmf

1512 3334 1602 3379 num.
1651 3312 1791 3395 Repetam
1808 3335 1960 3396 perram,
1992 3316 2025 3379 id
2047 3326 2111 3392 est,
2133 3332 2270 3399 regnum
2291 3312 2496 3389 damnatum,

567 3397 638 3464 Etsi
655 3419 723 3465 non
735 3419 868 3484 semper
891 3398 1101 3484 quaerendae
1111 3411 1191 3465 sunt
1208 3419 1363 3478 caussae,
1383 3420 1461 3485 pro·
1512 3400 1690 3476 abiectum,
1712 3412 1804 3466 reum
1816 3412 2018 3479 coarteretur,
2041 3397 2207 3465 delebitur
2226 3418 2248 3463 a
2264 3393 2350 3463 facie
2371 3408 2495 3462 terrae.

500 3496 552 3550 ter
578 3505 663 3571 quas
697 3486 883 3551 distributio
914 3478 1095 3551 lect'ionurn
1114 3483 1394 3572 Evangelicarnm
1414 3486 1461 3549 ita
1511 3485 1569 3546 Ich
1584 3485 1654 3547 wila
1674 3486 1795 3568 Marwap
1819 3507 1949 3549 ramea
2009 3485 2077 3551 Sed
2099 3486 2221 3547 domena
2241 3483 2351 3563 Iacob,
2374 3483 2409 3548 id
2429 3492 2495 3561 ast,

477 3506 548 3634 lsta
569 3570 716 3635 instituta
734 3574 791 3635 sit:
819 3583 930 3636 tamen
951 3572 1114 3637 interdum
1141 3569 1275 3638 luerunt
1305 3591 1459 3650 caussae,
1511 3569 1698 3638 Ecclesiam
1716 3593 1784 3638 nou
1807 3571 1927 3638 delebo
1948 3572 2092 3658 penitus,
2114 3572 2177 3637 sed
2189 3571 2394 3637 concutiam:
2416 3568 2495 3656 quia

500 3675 565 3722 aaa
585 3668 760 3722 moverunt
781 3653 869 3737 illos,
888 3659 945 3745 qui
965 3670 1122 3724 auctores
1143 3670 1222 3724 sunt
1231 3659 1331 3724 huius
1352 3658 1461 3724 distri·
1511 3660 1647 3743 punitur
1667 3661 1766 3724 etiam
1788 3655 1966 3725 Ecclesiae
1987 3670 2154 3744 vagantur
2164 3654 2289 3723 multae
2300 3667 2333 3722 et
2352 3672 2496 3741 magnac

477 3676 638 3820 Entionis,
661 3764 722 3808 cur
744 3741 817 3807 aliis
838 3756 939 3832 atque
970 3742 1045 3809 aliis
1067 3746 1270 3831 temporibus
1303 3764 1460 3830 excerpe-
1512 3742 1720 3809 calamitates
1750 3766 1810 3829 per
1830 3743 2026 3811 Ecclesiam.
2072 3743 2209 3807 Gronau:
2240 3764 2303 3805 aar:
2334 3741 2429 3803 eadat
2458 3740 2495 3802 is

477 3839 552 3893 rent
584 3826 695 3908 hanc,
718 3826 773 3893 vel
804 3826 895 3896 illam
928 3844 1066 3916 partem.
1116 3831 1327 3917 ltespondco.
1374 3829 1460 3904 Quia
1512 3836 1641 3891 terram:
1664 3829 1696 3893 id
1720 3843 1784 3909 cst,
1806 3834 2027 3897 servahuntur
2048 3845 2158 3896 tamen
2180 3849 2306 3915 grana,
2331 3832 2382 3891 aia
2403 3825 2494 3909 har&

478 3913 569 3979 eirca
589 3913 656 3979 hoc
684 3927 749 3980 tem
773 3937 814 3981 us
848 3929 988 3990 vastata,
1021 3927 1073 3982 est
1104 3915 1371 4004 Hierosolyma·
1392 3914 1458 3983 Die
1510 3914 1573 3976 lein
1594 3914 1657 3976 solt
1671 3916 1804 3989 Melita,
1827 3919 1888 3979 dm
1909 3919 1967 3979 der
1987 3916 2092 3980 wchlo
2112 3937 2216 3979 samm
2244 3936 2307 3999 ‘ty-
2351 3914 2397 3977 El
2424 3912 2495 3996 ΜΦ

476 3999 646 4067 Laureutii
667 3938 823 4088 templum
844 4004 1018 4069 incensum
1041 4016 1136 4069 esta
1161 4001 1331 4084 militibus,
1360 4004 1458 4070 etiam
1510 4001 1758 4083 diaperdeatar
1780 4008 1958 4087 omnesqui
1979 4004 2105 4066 diruat:
2136 4004 2255 4081 idest,
2288 4002 2351 4066 erit
2373 4004 2495 4086 ingens

475 4083 612 4153 nolente
631 4087 725 4164 Tito:
752 4092 828 4175 quia
861 4092 977 4157 aderat
997 4091 1061 4155 iam
1093 4089 1169 4156 finis
1191 4092 1287 4156 istius
1310 4086 1456 4183 politiae.
1510 4086 1683 4154 multitudo
1717 4110 1913 4157 securomm
1954 4090 2143 4194 hominum⁹
2162 4090 2197 4155 in
2223 4090 2298 4172 ipsa
2329 4084 2496 4171 Ecclesia,

476 4171 541 4247 Qui
564 4193 646 4260 ergo
675 4176 871 4243 ordinarant
897 4178 985 4243 hanc
1012 4176 1200 4258 lectionem,
1228 4190 1264 4244 ut
1292 4177 1358 4243 hoc
1379 4188 1458 4242 tem·
1509 4195 1596 4260 quae
1618 4179 1798 4243 contemnit
1830 4196 1960 4256 roenas,
1980 4173 2027 4253 illi
2050 4174 2164 4262 gladio
2185 4175 2351 4260 peribunt.
2381 4172 2497 4239 Locus

474 4278 559 4343 pore
581 4260 780 4343 declaretur,
814 4262 991 4330 voluerunt
1023 4266 1199 4337 deducere,
1233 4261 1380 4330 lectores
1414 4263 1458 4328 ad
1511 4275 1563 4326 est
1594 4263 1629 4327 in
1662 4263 1771 4347 capita
1834 4264 1913 4330 timo
1947 4264 2064 4329 Amas.
2107 4258 2208 4327 Tales
2245 4257 2384 4348 regulae
2416 4270 2497 4325 suut

476 4347 776 4414 considerationem
810 4352 984 4417 historiae:
1006 4348 1175 4431 videlicet,
1209 4352 1298 4437 quod
1330 4371 1372 4416 eo
1404 4349 1459 4414 die
1510 4344 1610 4415 valde
1631 4346 1764 4416 multae.

476 4428 634 4517 templum
656 4434 893 4503 inflammatum
926 4439 983 4503 sit:
1017 4438 1106 4503 sicut
1132 4449 1211 4503 ante
1239 4457 1347 4504 annos
1379 4434 1457 4515 617,
1596 4436 1632 4499 ln
1662 4436 1764 4506 Esaia
1792 4451 1860 4502 est:
1890 4436 2188 4500 Coammmatioaan
2209 4434 2313 4513 faciet
2338 4432 2497 4495 Domina

476 4537 551 4582 cum
592 4520 761 4585 obsideret
798 4526 913 4588 urbem
946 4524 1273 4604 Nabuchodonozor,
1316 4524 1457 4589 eundem
1508 4525 1543 4584 ia
1560 4529 1663 4602 terra3
1695 4523 1730 4588 id
1753 4536 1828 4602 ¹est,
1860 4521 2068 4608 praefinitam
2096 4520 2429 4598 consummationem,
2461 4527 2497 4585 et

475 4603 561 4669 diem
588 4607 740 4671 scribunt
772 4605 879 4674 luisse
908 4607 1044 4675 latalem
1077 4608 1211 4696 templo.
1233 4604 1317 4675 ‘Est
1347 4620 1457 4675 autem
1509 4609 1689 4674 exundabit
1710 4610 1842 4674 iustitia.
1886 4606 2082 4673 Deusdelet
2103 4627 2218 4692 regna,
2240 4618 2274 4670 et
2294 4607 2423 4671 interea
2445 4616 2496 4671 ta·

476 4686 565 4756 illius
587 4693 681 4757 urhis
705 4713 806 4759 casus
828 4691 961 4762 illustre
982 4693 1166 4782 exemplum
1194 4697 1372 4767 universae
1393 4696 1458 4762 Ec·
1510 4716 1585 4760 men
1609 4690 1737 4780 colligit
1757 4692 1956 4760 Ecclesiam.
2000 4693 2094 4773 ltem,
2121 4693 2196 4756 Erit
2217 4700 2252 4755 at
2273 4695 2307 4754 ia
2337 4690 2497 4755 andam

475 4775 601 4843 clasiae
621 4780 774 4845 omnibus
796 4783 1012 4867 temporibus.
1508 4780 1627 4854 sterili,
1649 4781 1776 4863 parando
1798 4783 2028 4843 investituram
2049 4789 2142 4863 atqua
2169 4780 2271 4842 altera
2288 4799 2357 4851 aaa,
2392 4786 2425 4841 et
2445 4778 2507 4857 dr..

560 4864 597 4930 ln
619 4876 711 4932 textu
727 4870 862 4951 ponitur
872 4867 1072 4935 vocabulum
1093 4869 1235 4957 χάρακαῖ
1257 4869 1345 4944 Quid
1355 4870 1458 4956 signi·
1511 4874 1607 4940 cetra,
1628 4867 1819 4930 Benedictio
1852 4868 1991 4929 Damim'.
2036 4866 2131 4932 Deus
2159 4877 2273 4932 servat
2305 4863 2373 4929 hoc
2394 4862 2496 4933 moda

475 4947 555 5015 licat
574 4951 695 5039 χάραξῖ
717 4952 867 5021 Vallum:
890 4976 957 5021 nan
979 4954 1147 5044 significat
1164 4977 1324 5044 aggerem
1353 4960 1457 5040 χῶμαι
1480 4988 1488 5039 Ι
1510 4951 1709 5032 Ecclesiam,
1730 4955 1819 5018 sicut
1842 4955 1975 5039 quando
2004 4950 2107 5019 sterili
2126 4965 2288 5038 ternpore,
2324 4951 2381 5016 ubi
2414 4972 2497 5037 pau·

474 5035 536 5100 sed
558 5055 659 5125 saepe
681 5043 770 5103 cinea
781 5042 888 5110 Zoara:
911 5039 1191 5129 etquidemillam
1204 5064 1352 5129 saepem,
1374 5064 1460 5127 quae
1511 5059 1570 5106 cae
1591 5060 1679 5107 uvae
1700 5041 1918 5125 proveniunt,
1941 5041 2092 5105 homines
2113 5051 2226 5123 tamen
2247 5035 2346 5104 valde
2367 5034 2497 5104 laetan-

474 5133 546 5186 erat
574 5127 809 5193 munimentum
841 5141 1041 5211 castrorum,
1073 5130 1159 5194 intra
1191 5152 1290 5217 quam
1322 5150 1460 5217 saepem
1509 5142 1565 5195 tur
1585 5137 1770 5214 proveantu
1792 5124 1920 5192 illarum
1949 5147 2132 5211 pauvcrum
2154 5145 2302 5190 uvarum.
2347 5123 2396 5189 lta
2418 5120 2498 5193 relt-

475 5218 570 5273 erant
591 5222 705 5277 castra
725 5211 874 5281 militum.
918 5215 995 5281 Non
1028 5227 1081 5283 est
1102 5215 1299 5295 aediticium,
1328 5236 1369 5281 ex
1392 5236 1459 5302 quo
1511 5236 1597 5303 quae
1619 5227 1716 5280 erunt
1770 5234 1874 5280 aucae
1895 5234 2005 5292 uvae,
2040 5223 2173 5279 caetera
2194 5213 2359 5296 peribunt.
2401 5210 2498 5278 Scis·

473 5290 565 5358 iacta
596 5299 641 5363 sit
669 5303 873 5385 oppugnatio
906 5304 1053 5380 urbium;
1085 5304 1146 5368 sed
1179 5300 1241 5369 fuit
1267 5300 1460 5387 simpliciter
1511 5324 1584 5370 raus
1615 5302 1716 5388 igitur
1737 5236 1846 5367 Ecum
1878 5311 2089 5364 servaturum
2122 5316 2200 5366 esse
2222 5293 2424 5376 Ecclesiam,
2446 5308 2499 5365 ut·

475 5399 597 5466 saepes
620 5397 819 5452 castrorum.
848 5387 898 5454 lta
919 5391 1016 5474 spina
1038 5390 1130 5455 dorsi
1153 5410 1288 5476 quoque
1315 5393 1459 5456 nomina·
1511 5408 1642 5473 cunque
1663 5407 1793 5473 poenae
1816 5399 1982 5474 vagentur
2013 5386 2065 5449 in=
2087 5403 2212 5471 genere
2248 5384 2421 5462 humano,
2462 5394 2501 5453 et

472 5476 528 5531 tur
547 5470 667 5556 χᾶραξ,
690 5473 767 5559 quia
789 5484 843 5539 est
864 5477 959 5562 quasi
982 5475 1225 5561 saepimentum
1238 5479 1402 5562 corporis,
1424 5487 1461 5543 ut
1511 5473 1797 5544 consolemurnos
1819 5475 1885 5540 isto
1912 5468 2053 5538 articulo
2076 5470 2168 5539 briei:
2193 5468 2298 5534 Credo
2319 5468 2502 5535 Ecclesia

472 5551 518 5617 lta
538 5555 658 5623 dicam.
1509 5563 1671 5642 sanam,
1704 5576 1769 5628 eta
1813 5570 1848 5624 ct
1879 5560 2044 5625 addamus
2077 5560 2322 5646 precationem:
2344 5558 2504 5625 Aeternis

558 5640 639 5730 Ipsa
659 5656 771 5715 auteur
793 5649 913 5717 concio
935 5648 1083 5716 continet
1104 5645 1227 5717 multas
1246 5660 1378 5734 partes:
1401 5654 1471 5724 sed
1510 5660 1606 5737 pater
1624 5644 1761 5717 Domini
1777 5646 1971 5715 nostrilesu
1992 5644 2140 5728 Christi,
2160 5665 2269 5713 serva.
2281 5654 2423 5731 propter
2442 5645 2501 5713 rt·

583 2583 806 2653 uonmrca
834 2530 891 2652 r
936 2587 1050 2656 rosr
1091 2586 1348 2655 ramulus.

706 2739 975 2831 Evangelium
1004 2744 1141 2811 Lucae
1170 2744 1228 2810 19.
