5934 6709
472 696 537 763 aaa
1111 690 1224 757 rau.
1248 689 1350 758 neu.
1372 689 1560 759 semera
1583 691 1849 762 exessum.
2100 664 2106 671 ’
2212 760 2215 765 ,
2424 697 2492 766 aaa

472 887 588 952 sianus
607 883 745 952 clasnatr
768 883 892 946 Sunsrno
913 882 983 945 laus
1004 890 1051 944 est
1070 879 1315 944 Cbn'sticaorusn
1337 882 1457 943 nescire
1481 878 1742 964 ‚frembdlinpem
1766 883 1821 969 qui
1843 895 1874 948 et
1899 885 2086 950 doctrinam
2108 897 2141 950 et
2163 886 2371 952 ceremonias
2392 907 2492 955 acce

474 972 588 1057 lepsm:
611 973 676 1037 imo
699 967 878 1036 stultorum
900 969 966 1035 hoe
989 981 1054 1034 est.
1478 950 1484 1010 l
1508 978 1637 1052 perant.
1682 964 1754 1032 Viri
1776 966 1937 1056 religiosi,
1950 970 2005 1079 qpi
2027 967 2172 1075 amplexi
2194 984 2272 1038 sunt
2293 972 2492 1055 doctrinam,

1508 1064 1540 1117 et
1565 1073 1630 1117 uon
1653 1055 1872 1160 ceremonias,
1897 1068 1931 1121 ut
1955 1057 2193 1122 bentunones:
2223 1059 2300 1144 quia
2327 1058 2491 1147 intellige-

622 1165 724 1269 Q...
754 1179 817 1247 a
847 1162 1153 1274 amouens
1185 1160 1306 1246 usna
1477 1140 1594 1290 tit
1608 1140 1776 1291 stat
1793 1138 2492 1320 arnancannata,tt

514 1350 518 1358 ·
560 1314 622 1379 Est
644 1304 764 1401 regere
793 1325 931 1379 externa
965 1312 1133 1389 membra,
1165 1309 1227 1370 dos
1259 1311 1317 1369 wir
1339 1328 1455 1370 viminea
1508 1313 1611 1378 tibus:
1636 1324 1669 1376 et
1692 1313 1899 1378 ceremonias
1923 1311 1998 1378 illas
2022 1335 2087 1379 non
2101 1334 2179 1380 esse
2195 1276 2404 1404 'principales
2422 1315 2492 1386 cul·

473 1399 743 1478 Locomotivam,
771 1400 868 1460 darni
896 1417 1015 1459 mussan
1037 1395 1117 1457 auct
1139 1395 1393 1478 suspectantes
1414 1397 1456 1456 im
1508 1407 1585 1477 tus,
1618 1398 1679 1462 sed
1707 1397 1794 1462 alios
1823 1418 1902 1465 esse
1925 1396 2034 1466 cultus
2056 1403 2272 1468 necessarios
2294 1403 2329 1469 in
2351 1423 2493 1470 conver·

473 1486 566 1570 lsopff
581 1487 726 1562 sommas,
749 1497 785 1550 ut
807 1487 956 1571 cogitess
989 1482 1047 1544 Ich
1072 1481 1128 1542 scil
1146 1481 1227 1542 osiel
1244 1481 1366 1564 mehtip
1387 1480 1456 1542 tae
1508 1483 1613 1548 sione.
1658 1482 1768 1549 Credo
1792 1487 1835 1550 ibi
1855 1483 2004 1552 voluisse
2022 1484 2189 1552 Christum
2210 1485 2337 1555 habere
2368 1491 2424 1556 ius
2446 1491 2492 1556 ol·

473 1581 535 1648 ten,
559 1573 645 1634 aicit
666 1577 699 1634 in
721 1571 802 1633 micis
819 1572 942 1650 seuseu,
965 1567 1089 1635 Paulus
1112 1575 1222 1628 rseants
1243 1564 1383 1633 literam.
1507 1569 1630 1648 vitatis,
1652 1581 1687 1635 ut
1706 1568 1843 1636 haberet
1865 1569 2076 1659 tranquillum
2098 1571 2297 1658 hospitium,
2330 1588 2365 1642 et
2399 1588 2493 1643 esset

559 1659 736 1726 Secundus
757 1678 839 1724 usus
869 1667 920 1722 est
948 1651 1213 1741 perterrefacere
1246 1653 1372 1733 corda,
1404 1652 1456 1719 sic
1508 1665 1600 1720 tatus
1622 1655 1784 1722 adversus
1806 1658 1944 1724 insidias
1967 1657 2121 1724 Herodis.
2167 1659 2242 1721 Mea
2263 1659 2492 1725 lsotsdusuocb

416 1748 419 1758 ’
472 1758 510 1812 ut
527 1766 588 1812 eor
610 1748 700 1811 serio
723 1755 886 1831 agnoscm
908 1740 1016 1807 Deum
1035 1741 1133 1805 irasci
1155 1751 1306 1826 peceato,
1329 1739 1390 1801 slas
1403 1758 1455 1822 pe·
1507 1738 1618 1806 luliam
1649 1740 1829 1823 pebes'ssen,
1863 1746 1953 1829 apud
1984 1743 2174 1829 losephum.
2223 1743 2380 1814 Christus
2411 1750 2492 1815 vixit

350 1890 354 1897 .
472 1832 604 1905 sedicit,
628 1833 660 1896 in
685 1832 891 1896 contritione.¹
1507 1827 1594 1891 inter
1616 1840 1767 1893 caeteros
1789 1827 1940 1895 homines
1963 1831 2019 1910 ita,
2044 1842 2077 1894 ut
2099 1832 2294 1898 sustinuerit
2315 1854 2422 1899 onera
2442 1833 2492 1902 le·

559 1917 693 1984 Tertius
716 1937 798 1983 usus
822 1928 874 1982 est
896 1917 929 1979 in
950 1913 1100 1988 renatis,
1135 1925 1170 1978 ut
1192 1912 1368 1988 ostendat,
1399 1912 1454 1999 qul
1479 1927 1481 1935 ⁴
1507 1913 1641 1999 gitima,
1670 1925 1702 1979 et
1724 1918 1846 1981 usitata
1869 1914 1943 1981 aliis
1967 1918 2106 1982 civibus.
2151 1915 2229 1983 ldeo
2263 1919 2421 1985 scribitur
2448 1921 2490 1988 de

473 2001 584 2071 cultus
606 2000 762 2089 placeant
780 2001 867 2080 Deo,
886 2001 942 2088 qui
964 2020 1042 2064 non.
1086 1996 1141 2063 Dc
1159 2019 1225 2084 quo
1248 2018 1313 2062 asu
1335 1997 1455 2063 <licitur
1507 2018 1570 2079 eo,
1604 2002 1692 2086 quod
1726 1999 1865 2068 solverit
1899 2003 1996 2068 etiam
2024 2003 2191 2068 tributum.
2237 2003 2311 2070 Fuit
2333 2007 2491 2075 usitatum

473 2092 562 2175 apud
587 2088 804 2175 Proplretam:
833 2087 872 2149 In
897 2087 1079 2170 praeceptis
1101 2087 1176 2145 meis
1197 2083 1359 2147 madata.
1403 2079 1455 2147 llli
1506 2083 1676 2159 Romanis,
1700 2087 1819 2173 oppida
1838 2089 2012 2154 munitiora
2033 2089 2097 2154 sibi
2120 2089 2273 2156 retinere.

474 2178 530 2262 qui
551 2175 678 2242 habent
698 2175 850 2261 primitas
873 2173 1016 2260 Spiritus
1039 2173 1165 2251 sancti,
1193 2182 1306 2234 amant
1325 2167 1454 2255 legem:

472 2263 507 2327 id
529 2277 595 2342 est,
616 2262 739 2327 habent
760 2262 851 2326 initia
873 2259 1012 2336 timoris,
1024 2257 1112 2335 fidei,
1131 2254 1327 2346 dilectionis.
1351 2255 1455 2317 Mente

472 2351 573 2410 servio
595 2348 660 2430 lapi
680 2348 754 2419 Dei,
777 2348 881 2433 inquit
902 2343 1046 2410 Paulus:
1079 2341 1145 2408 hoc
1179 2364 1293 2408 verum
1326 2353 1379 2407 est
1412 2342 1454 2407 de

473 2435 610 2499 sanctis.
656 2433 768 2520 Scipio
791 2445 880 2497 amat
902 2430 1010 2517 legem
1028 2427 1140 2516 aliquo
1164 2431 1454 2514 modo,tnmquam
1593 2428 1639 2490 Es
1660 2429 1716 2491 tat
1737 2430 1895 2513 peieissea
1966 2435 2108 2498 bernare
2129 2434 2317 2501 immediate
2340 2456 2402 2519 per
2420 2436 2488 2502 lla·

472 2520 722 2607 Paedagogiam
745 2531 937 2597 externam,
970 2538 1030 2582 seu
1058 2515 1241 2602 politicam:
1264 2517 1314 2576 ein
1332 2511 1454 2576 mensch
1507 2515 1666 2603 gistratus
1690 2515 1871 2583 Romanos.
1917 2452 2031 2582 hunilla
2052 2530 2159 2602 parte,
2172 2540 2259 2606 quae
2282 2518 2341 2586 fuit
2354 2521 2487 2602 lurlaea,

472 2607 581 2693 magis
602 2617 692 2671 amat
712 2602 834 2691 legem,
854 2626 952 2690 quarn
974 2601 1069 2668 allus.
1505 2600 1647 2685 praefuit
1670 2601 1808 2668 Pilatus.
1862 2603 1896 2668 ln
1920 2601 2082 2668 Gallilaea
2113 2617 2165 2670 est
2193 2606 2373 2673 attributus
2401 2611 2488 2694 prin·

559 2691 622 2753 Eia
646 2692 724 2753 tbeil
743 2693 807 2753 leat
827 2691 902 2752 siud
923 2711 1020 2771 sopor
1047 2685 1296 2760 abentlteurisob,
1324 2686 1385 2747 dos
1407 2689 1454 2747 sie
1507 2688 1636 2774 cipatus
1658 2688 1782 2755 Herodi
1805 2689 1958 2775 Autipae.
2001 2690 2049 2751 Er
2070 2689 2126 2753 luit
2146 2691 2305 2773 pebeisren
2336 2692 2488 2761 Herodes

474 2777 552 2839 alles
570 2778 691 2849 tudela,
713 2799 778 2839 was
800 2783 850 2839 ein
873 2776 972 2838 ander
1000 2775 1072 2837 redi
1104 2774 1170 2835 ursel
1202 2773 1280 2836 thot.
1325 2770 1453 2857 Gapnio
1508 2773 1661 2861 Antipas,
1684 2795 1744 2860 per
1766 2775 1967 2863 Syncopcn,
1995 2779 2036 2840 ab
2060 2775 2278 2864 Antipatros,
2313 2781 2389 2867 quia
2423 2800 2489 2845 avo

473 2865 607 2950 quando
631 2866 765 2930 videbat
782 2865 948 2929 novitates
970 2863 1002 2926 in
1023 2857 1307 2934 vestitu;solcbat
1325 2859 1457 2924 dicere:
1505 2858 1566 2925 fuit
1601 2881 1718 2925 nomen
1751 2861 1941 2947 Antipatro:
1991 2861 2061 2924 Wie
2092 2884 2161 2924 maa
2194 2867 2250 2927 itrt
2282 2888 2354 2946 mop
2381 2887 2488 2948 sapsa,

472 2951 511 3012 Si
533 2970 628 3011 essem
650 2953 789 3022 iuvenis,
822 2969 961 3011 curarem
995 2945 1474 3027 ηιι’1ιι’;ἰινι“ειιίειυιοιιιιινο·ι
1507 2943 1802 3030 Geosy-liiedricl.
1849 2946 2004 3013 Christus
2039 2961 2092 3013 est
2123 2970 2205 3015 usus
2239 2952 2311 3017 iure
2333 2954 2489 3034 civitatis,

472 3040 548 3099 stris
569 3039 602 3096 iu
615 3039 791 3118 posteriori
807 3044 903 3118 parta
916 3035 1022 3117 pedis,
1044 3041 1079 3096 ut
1101 3036 1193 3095 etium
1221 3040 1332 3095 auctor
1360 3005 1483 3093 esseml
1506 3030 1568 3100 fuit
1590 3033 1672 3099 civis
1695 3031 1782 3098 illius
1805 3031 1882 3099 loci.
1927 3034 1969 3099 Et
1991 3035 2134 3120 pertinet
2165 3035 2232 3102 huc
2266 3039 2418 3105 d0ctrina
2447 3040 2489 3107 de

470 3128 546 3185 sicvt
566 3122 710 3205 exenrplr‘.
1504 3139 1569 3185 usu
1601 3140 1711 3185 rermn
1745 3117 1980 3200 Politicarum,
2027 3122 2118 3208 quod
2158 3125 2226 3189 siut
2261 3125 2487 3192 ordinationes

578 3293 802 3361 nonrnron
828 3291 920 3360 mx.
954 3289 1067 3357 rosr
1094 3287 1350 3356 rarnrrnrrs.
1505 3206 1647 3271 ‘lim'

584 3403 593 3427 ⁴
675 3412 952 3508 Evangelium
982 3411 1188 3478 Matthaei
1216 3411 1248 3476 9.
1735 3394 1828 3492 Was
1857 3397 1960 3492 beist
1987 3397 2266 3516 paralyticus?

1596 3546 1665 3610 We
1687 3570 1820 3612 antaeus
1841 3559 1967 3613 sonstea
1989 3550 2085 3625 lulum,
2114 3571 2199 3614 werra
2226 3556 2323 3614 einen
2345 3557 2397 3615 eia
2417 3553 2488 3637 piat

748 3576 789 3658 D
798 3605 822 3658 θ
872 3574 1174 3683 Paralytrco.
1505 3632 1679 3697 erasmo.
1733 3635 1908 3724 Paralysis
1943 3649 1995 3703 est
2029 3639 2164 3703 amissio
2209 3650 2330 3704 motus.
2387 3639 2487 3708 Diffe-

566 3725 711 3787 Venilia
735 3725 890 3784 civitatem
912 3727 1022 3800 strom]
1067 3721 1100 3786 ld
1123 3732 1197 3801 est,
1232 3718 1453 3809 Capemaum.
1505 3731 1582 3785 runt
1603 3719 1785 3803 ἀποπληξίαι,
1807 3736 1842 3788 et
1857 3724 2035 3811 παράλυσις.
2080 3724 2261 3805 AtthritcS,
2283 3727 2316 3791 id
2339 3739 2486 3799 estne

474 3810 696 3896 capernaum,
717 3809 813 3872 scion
836 3810 928 3890 dorff.
974 3805 1118 3890 Cophes,
1151 3808 1184 3871 id
1203 3819 1277 3887 est,
1306 3803 1396 3887 villa,
1420 3819 1453 3874 et
1504 3818 1558 3872 tus
1580 3806 1785 3874 articularis:
1808 3813 1850 3872 ist
1873 3809 1951 3872 aucis
1974 3832 2015 3874 ex
2037 3807 2103 3876 illis
2126 3814 2267 3892 morbis,
2295 3813 2353 3899 qui
2377 3815 2486 3879 oriun-

471 3898 587 3971 No‘r'm,
612 3898 655 3961 ,id
689 3907 761 3972 est,
795 3915 981 3960 anroenum.
1025 3892 1088 3956 Est
1110 3913 1228 3979 magna
1256 3897 1452 3975 amoenitas,
1505 3906 1558 3957 tur
1579 3911 1620 3956 ex
1642 3893 1834 3960 temulentia
1856 3908 1889 3961 ct
1910 3897 2170 3981 intemperantia.
2214 3897 2276 3963 Est
2297 3911 2408 3964 autem
2430 3921 2486 3985 pa·

472 3995 599 4050 tractus
624 3980 797 4048 Galilaeae
818 4002 937 4048 versas
958 3977 1128 4045 Nazareth
1152 3991 1184 4043 et
1205 3978 1352 4044 Thabor.
1387 3979 1453 4044 Na·
1505 3974 1638 4064 ralysis,
1660 3981 1796 4045 amissio
1819 3994 1929 4048 motus
1940 3996 2079 4069 propter
2100 3984 2283 4049 laesionem
2306 4005 2486 4051 nervorum

472 4069 588 4135 zareth
609 4069 712 4135 habet
734 4088 854 4134 nomen
877 4089 898 4134 a
918 4066 1061 4136 sarciat
1084 4063 1195 4145 Cana,
1223 4067 1265 4130 ab
1290 4067 1452 4128 orandum.
1504 4064 2251 4150 irsotiv·orun1:istnicistsaiediedaoulqgta.
2297 4068 2486 4156 Apopleria

472 4155 515 4222 Et
536 4155 689 4222 Latinum
713 4153 842 4235 Canna,
861 4165 914 4220 est
936 4174 957 4219 a
979 4153 1078 4216 Cana.
1282 4183 1286 4191 ·
1504 4152 1611 4216 estin
1634 4151 1827 4220 ventriculis
1851 4157 1992 4235 cerebri,
2013 4158 2069 4221 irbi
2089 4155 2207 4228 lentis,
2235 4157 2400 4237 viscosis,
2431 4178 2485 4224 vo·

1467 4289 1469 4295 .
1505 4238 1642 4343 nepotis·
1656 4237 1850 4306 humoribus
1873 4243 2067 4327 opprimitur
2089 4246 2282 4322 cerebrum,
2311 4243 2404 4329 quod
2433 4255 2486 4310 est

578 4349 715 4454 Quare
745 4352 929 4434 nominat
958 4349 1167 4433 ciream
1504 4344 1697 4472 ιιιιιι
1711 4411 2485 4497 ft..

560 4498 646 4573 Quia
664 4500 709 4565 ibi
730 4497 846 4565 habuit
867 4499 920 4565 ius
942 4499 1098 4564 civitatis:
1131 4495 1178 4558 Er
1197 4497 1294 4558 wirdt
1320 4496 1365 4557 do
1386 4495 1454 4560 bar·
1504 4495 1644 4561 mirabili
1666 4496 1885 4565 fabricatione
1909 4501 2038 4581 divina,
2062 4514 2150 4567 stant
2178 4497 2285 4569 cellae
2306 4503 2339 4567 in
2363 4504 2484 4589 cupite,

472 4607 528 4670 pes
548 4605 687 4669 powesen
707 4589 785 4650 sein.
840 4583 950 4649 Credo
973 4584 1180 4670 Gapemaam
1213 4581 1319 4649 fuisse
1349 4584 1453 4649 muni·
1504 4582 1578 4643 eben
1595 4587 1654 4644 wie
1676 4585 1733 4646 der
1754 4583 1892 4663 limmot-
1915 4600 1948 4652 et
1965 4609 2024 4672 per
2042 4587 2336 4674 intemperantiam,
2349 4590 2484 4676 quando

474 4675 594 4759 cipium
616 4670 730 4759 populi
742 4671 894 4749 Romani,
917 4683 950 4736 et
972 4692 1041 4734 non
1058 4668 1163 4736 fuisse
1192 4671 1359 4736 subditum
1387 4669 1452 4734 He·
1504 4666 1595 4734 multi
1617 4666 1709 4750 lenti,
1732 4675 1904 4750 venenati,
1937 4675 2062 4739 viscosi
2088 4672 2246 4740 humores
2273 4674 2381 4738 biacia
2402 4675 2483 4738 hom·

472 4761 556 4825 rodi.
608 4761 663 4822 Sis
689 4757 806 4820 babens
838 4757 927 4819 tinea
956 4757 1164 4819 cerbebolten.
1228 4755 1374 4822 Fuerunt
1406 4756 1452 4821 ibi
1503 4774 1579 4828 men,
1602 4757 1831 4842 opprimuntur
1853 4755 1958 4826 cellae
1976 4755 2066 4826 illae:
2089 4760 2147 4822 Ab
2167 4780 2253 4822 wana
2274 4782 2344 4822 mors
2367 4766 2418 4823 eia
2432 4782 2484 4845 ps-

472 4846 706 4914 Genturiones=
730 4866 813 4933 ergo
836 4843 976 4911 Romani
998 4843 1186 4908 babuerunt
1208 4843 1252 4907 ibi
1273 4842 1451 4928 praesidia.
1503 4842 1635 4903 wslb'm
1656 4842 1727 4903 selis
1748 4843 1923 4908 besclwert.
1968 4846 2048 4911 lnde
2069 4845 2151 4914 fiunt
2171 4846 2391 4934 Apoplexiae.
2423 4848 2484 4913 Pa·

356 4998 359 5003 ,
471 4931 643 5001 Laudatur
663 4930 721 4998 ille
743 4933 904 5010 centurio,
950 4931 1015 4995 uod
1039 4929 1262 4995 aedificaverit
1285 4926 1451 5016 eisSyna·
1502 4925 1553 4993 ral
1577 4930 1639 5016 sis,
1662 4931 1794 5016 quando
1818 4953 1885 4996 uon
1907 4942 1960 4997 est
1980 4933 2014 4997 iu
2036 4936 2176 4999 cerebro
2195 4935 2396 5013 obstructio,
2418 4936 2482 5000 sed

472 5037 606 5107 pegam,
629 5021 706 5107 quia
728 5038 831 5104 saepe
852 5018 930 5082 honr
967 5036 1004 5081 es
1051 5016 1194 5100 eregrinl
1224 5026 1303 5080 sont
1330 5015 1363 5078 in
1392 5012 1452 5080 illa
1502 5015 1535 5077 in
1555 4951 1778 5095 loco,ubiest
1796 5017 1829 5081 in
1851 5019 2045 5104 principium
2066 5040 2245 5087 nervorum
2267 5021 2484 5097 motivarum

471 5107 609 5190 regione
631 5102 775 5190 amplexi
798 5104 981 5169 doctrinam
1038 5100 1177 5184 eDeo,
1205 5113 1241 5168 ut
1263 5098 1450 5168 Cornelius.
1502 5103 1634 5187 quando
1656 5099 1814 5169 humores
1843 5105 1990 5171 incidunt
2022 5107 2055 5170 in
2087 5126 2212 5172 nervos
2244 5107 2411 5186 motivas,
2447 5129 2483 5169 so

470 5189 568 5257 Deus
601 5188 740 5277 collegit
779 5192 842 5258 sibi
881 5187 1068 5257 Ecclesiam
1107 5191 1268 5254 immensa
1305 5188 1451 5254 bonitate
1501 5188 1624 5249 werden
1647 5189 1742 5250 einem
1764 5190 1818 5251 die
1837 5190 1958 5272 pliciter
1980 5191 2080 5273 taam,
2103 5192 2180 5254 dass
2200 5196 2298 5255 einen
2326 5195 2378 5254 ein
2404 5214 2482 5273 arm,

472 5279 569 5342 etiam
592 5279 761 5342 veteribus
782 5278 986 5362 temporibus
1008 5298 1051 5344 ex
1072 5276 1250 5384 pentibus,
1282 5294 1342 5359 per
1372 5295 1451 5339 corr·
1502 5275 1553 5335 ein
1575 5274 1738 5336 sciencie!
1755 5276 1938 5340 verlolmet:
1969 5277 2025 5339 lot
2053 5279 2113 5340 dea
2139 5300 2248 5341 namen
2266 5302 2286 5341 a
2307 5281 2485 5367 παραλύειν,

471 5363 681 5430 suetudinem
713 5362 921 5429 ludaeorum.
983 5361 1052 5430 lmo
1083 5364 1160 5429 rdeo
1195 5364 1310 5429 decern
1343 5361 1450 5426 tribus
1502 5357 1763 5428 adissolutione
1796 5364 1993 5428 motivarum
2026 5385 2216 5432 nervorum.
2268 5365 2364 5433 Sicut
2390 5369 2483 5432 scitis

471 5463 550 5514 sunt
572 5449 654 5514 dissi
678 5458 754 5515 atae
781 5450 867 5513 inter
901 5453 1045 5536 gentes,
1064 5459 1100 5514 ut
1125 5468 1230 5535 propa
1255 5461 1369 5514 aretas
1392 5467 1450 5512 no·
1501 5468 1626 5512 nervos
1649 5468 1727 5513 esse
1748 5447 1897 5514 mirabile
1921 5471 2005 5515 oms
2017 5449 2093 5531 Dei,
2115 5454 2181 5538 qui'
2193 5454 2343 5519 oriamur
2352 5474 2409 5519 ›ex
2431 5473 2485 5518 cc·

470 5537 537 5602 titia
560 5537 631 5603 veri
652 5471 727 5602 bet.
773 5535 811 5600 ln
832 5536 1032 5602 Pentecoste
1054 5535 1188 5602 fuerunt
1209 5470 1450 5621 Hierosolymis
1502 5536 1614 5614 rebro,
1635 5546 1668 5599 et
1690 5533 1821 5600 medula
1843 5473 1976 5620 spinuli,
1999 5549 2031 5601 et
2066 5552 2144 5603 sunt
2175 5539 2395 5605 instrumenta
2417 5562 2484 5605 ma

473 5623 503 5703 l,
525 5622 646 5690 ludaei.
669 5623 702 5704 ἢ,
733 5619 913 5709 Proselyti.
934 5621 974 5701 3,
997 5623 1058 5687 viri
1082 5619 1239 5709 religiosi.
1284 5617 1451 5707 Proselyti
1502 5633 1592 5687 tuam
1615 5632 1648 5685 et
1670 5641 1838 5687 sensuum.
1882 5621 1988 5689 Nemo
2011 5634 2123 5710 potest
2144 5626 2275 5712 penitas
2298 5622 2483 5714 intelligere

1507 2279 1618 2383 Quid
1648 2295 1711 2364 est
1741 2283 1925 2395 redigere
1956 2285 1997 2366 in
2028 2282 2200 2368 formam
2231 2286 2490 2397 provinciae?
