5934 6709
479 760 545 829 trs
1118 759 1854 831 rumimuscurrruaxunarrca.
2102 838 2111 860 Ι
2429 758 2496 826 πι

567 950 617 1013 Νι
634 953 830 1022 existimetis,
848 949 1458 1034 puodvmerimudabolendomlepem.]
1511 949 1604 1017 nullu
1626 963 1781 1017 creatura
1803 947 1974 1036 intelligit,
1997 950 2060 1014 nisi
2084 948 2253 1016 Christus:
2287 949 2350 1015 etsi
2382 950 2495 1016 saneti

479 1036 648 1104 Praelatio
671 1049 745 1117 est,
777 1038 810 1104 iu
834 1059 899 1123 qua
916 1039 1096 1123 respondet
1120 1037 1241 1103 tacitae
1264 1038 1459 1104 obiectioni=
1511 1037 1614 1123 aliqui
1637 1036 1760 1104 hahent
1784 1035 1948 1123 guttulam
1972 1036 2124 1123 exiguam
2147 1035 2236 1103 illius
2262 1032 2390 1102 doloris
2413 1056 2495 1102 eon-

480 1122 634 1190 Christus
661 1145 736 1190 curn
769 1124 882 1200 venit«,
914 1126 1038 1188 taxavit
1059 1123 1311 1207 superstitiosus
1333 1125 1459 1209 opinio·
1510 1124 1681 1189 scientiae.

454 1230 552 1289 Ιιιεε,
573 1231 660 1296 quae
693 1207 818 1277 allisae
851 1206 984 1276 fuerunt
1010 1207 1078 1298 lcgi
1100 1231 1122 1275 a
1144 1208 1351 1277 pharisaeis:
1372 1211 1487 1281 siout.
1597 1208 1628 1274 3:
1651 1209 1869 1274 Restituendo
1898 1210 1930 1272 in
1958 1209 2057 1273 nohis
2078 1228 2141 1292 per
2162 1208 2272 1287 fidem,
2295 1218 2331 1274 ιιι
2352 1207 2492 1277 Roman.

477 1317 568 1362 nunc
591 1307 724 1360 taxatae
746 1306 824 1361 sunt
844 1295 1097 1381 superstitiones
1131 1296 1173 1360 de
1205 1316 1265 1361 esu
1298 1297 1458 1374 carnium,
1481 1289 1486 1421 ἰ
1510 1295 1542 1361 3ι
1565 1296 1700 1363 dieitur:
1722 1294 1795 1357 Lex
1816 1294 1976 1357 stabilitur
1993 1314 2054 1376 per
2070 1298 2172 1376 fidem.

479 1393 514 1447 et
535 1383 637 1446 rebus
658 1379 830 1448 similibus.
874 1377 1005 1467 Vulgus
1039 1381 1124 1446 haec
1155 1382 1267 1446 statim
1299 1380 1459 1447 transfert
1482 1434 1486 1463 ,
1512 1434 1516 1447 .

406 1484 416 1495 .
477 1470 521 1532 ad
545 1464 623 1545 alia,
645 1487 732 1553 quae
752 1479 833 1539 sunt
852 1464 943 1553 legis.
960 1467 1104 1544 divinae,
1119 1480 1282 1533 utnostro
1306 1481 1458 1552 tempore
1482 1476 1486 1559 ξ
1778 1488 1997 1592 Quomodo
2028 1486 2229 1573 restimitp

403 1605 412 1619 .
479 1573 596 1618 omnes
618 1550 697 1618 facti
719 1574 834 1618 sumus
855 1550 1117 1640 negligentiores
1140 1575 1181 1618 ex
1205 1553 1268 1618 ista
1292 1555 1457 1619 doctrina.
1482 1594 1487 1657 t
2214 1553 2224 1573 ⁹

477 1637 637 1705 Familiae
658 1659 727 1704 uon
750 1651 892 1725 possunt
914 1640 1020 1727 redigi
1043 1640 1256 1714 inordinem;
1278 1640 1485 1724 puerinon·
1596 1636 1739 1711 Quando
1773 1637 1840 1703 fide
1872 1637 2054 1721 accipimus
2089 1634 2377 1716 consolationem,
2413 1650 2493 1705 tune

477 1726 627 1790 discunt:
650 1736 685 1789 et
707 1745 812 1811 nuper
833 1721 955 1809 aliquis
979 1726 1114 1809 scripsit
1136 1725 1226 1803 milri,
1248 1725 1338 1810 quod
1360 1721 1460 1789 suerit
1509 1725 1582 1810 ipse
1604 1724 1763 1802 vivificat,
1785 1736 1819 1789 et
1837 1725 1895 1788 dat
1916 1722 2073 1809 Spiritum
2096 1736 2268 1802 sanctum,
2292 1725 2346 1810 qui
2370 1745 2493 1790 accou-

477 1812 611 1898 quidam
632 1811 667 1875 in
689 1830 751 1877 sua
773 1807 941 1889 Ecclesia,
964 1811 1018 1897 qui
1041 1812 1133 1889 dixit,
1155 1832 1194 1876 se
1216 1809 1322 1895 pluris
1344 1808 1459 1877 facere
1511 1811 1558 1875 dit
1580 1807 1664 1875 tales
1687 1823 1808 1888 motus,
1827 1807 1936 1895 qualis
1958 1811 2031 1894 ipsc
2054 1818 2118 1890 est,
2141 1809 2196 1875 vel
2218 1806 2327 1896 qualis
2350 1823 2402 1874 est
2426 1809 2491 1876 lex.

475 1895 718 1982 prohibitiones
751 1896 793 1961 de
824 1897 954 1962 incestu
987 1907 1020 1961 et
1052 1897 1213 1985 gradihus
1239 1916 1458 1981 personarum
1511 1895 1601 1975 ltem,
1623 1897 1765 1961 restituit
1786 1897 1896 1961 dando
1919 1897 2019 1961 vitam
2042 1907 2230 1974 aeternam,
2254 1917 2342 1979 quoe
2363 1898 2427 1960 erit
2445 1899 2492 1962 in·

475 1984 510 2049 in
544 1982 719 2062 Levitico,
752 2004 850 2069 quam
883 1983 1092 2048 traditionem
1128 1985 1170 2048 de
1203 2002 1265 2048 esu
1298 1987 1457 2049 carnium.
1509 1995 1605 2070 tegra
1622 1980 1768 2066 impletio
1790 1981 1888 2071 legis.
1933 1981 2005 2044 Dar
2021 1981 2121 2043 haist:
2158 1982 2226 2044 Per
2249 1982 2343 2063 fidem
2371 1983 2493 2045 stabili·

478 2067 635 2134 Christus
657 2080 793 2133 revocat
814 2067 964 2133 homines
987 2070 1030 2134 ad
1058 2067 1169 2156 legem
1201 2069 1366 2148 divinam,
1400 2071 1458 2135 da·
1509 2068 1697 2150 morlupum.

475 2158 598 2220 mnutis
622 2156 833 2239 opinionibus
856 2153 1024 2232 humanis3
1055 2167 1089 2221 et
1121 2154 1291 2239 praefatur
1323 2176 1363 2221 se
1389 2176 1457 2221 non
1596 2157 1628 2220 4.
1651 2155 1854 2221 Sanoiendo:
1877 2155 1911 2219 id
1934 2166 1998 2233 est,
2009 2153 2081 2222 vult
2101 2152 2210 2240 legem
2235 2155 2359 2234 doceri,
2371 2166 2405 2219 et
2425 2174 2493 2221 nou

476 2242 624 2320 venisse,
646 2253 683 2306 ut
703 2239 816 2307 solvat
837 2238 961 2330 legem,
982 2243 1045 2308 sed
1067 2255 1103 2307 ut
1124 2238 1269 2326 impleat.
1510 2238 1581 2306 tolli
1603 2262 1645 2306 ex
1668 2238 1832 2307 Ecclesia.
1888 2240 2062 2326 Nusquam
2095 2239 2174 2305 alibi
2207 2242 2328 2306 mansit
2359 2243 2493 2328 integre

1510 2349 1576 2393 vox
1597 2325 1695 2413 legis,
1718 2328 1782 2391 nisi
1805 2328 1839 2391 in
1863 2324 2030 2402 Ecclesim
2053 2340 2086 2392 et
2107 2340 2159 2392 est
2180 2338 2412 2413 argumentum
2435 2330 2490 2392 de·

1479 2426 1487 2471 t
1510 2415 1776 2491 monstrativum,
1798 2413 1998 2494 ostendens,
2028 2415 2083 2479 ubi
2106 2415 2150 2479 sit
2173 2411 2342 2478 Ecclesia:
2387 2414 2493 2500 lgitur

451 2465 574 2562 'st
604 2466 713 2561 lidldi·
733 2498 852 2562 sotem
873 2498 992 2580 tepent
1025 2468 1205 2572 Quaer0²
1236 2501 1289 2554 tin
1320 2470 1458 2554 David
1510 2501 1650 2564 amanda
1675 2512 1726 2564 est
1749 2497 1816 2577 lex,
1862 2499 1916 2565 uia
1938 2502 2133 2585 incorrupta
2155 2501 2307 2566 doctrina
2329 2497 2417 2588 legis
2440 2511 2496 2565 est

474 2593 597 2681 solvit
626 2593 772 2704 legem,
803 2620 898 2675 cum
927 2590 1034 2704 rapit
1063 2590 1183 2675 aliam
1214 2590 1459 2703 coniugem?
1509 2521 1984 2739 ιῑιῦιῇφθιξὲιίἰξθὲιιῑιιῐ,
2016 2696 2024 2712 ⁹

495 2846 504 2865 ·
554 2757 650 2866 ,Nom
684 2756 769 2821 Nam
791 2753 937 2834 solvere,
950 2776 1027 2859 ‘non
1049 2766 1100 2821 cst
1122 2753 1214 2821 sacto
1234 2755 1372 2834 violare,
1394 2756 1458 2822 sed
1628 2693 1636 2735 Ι
1721 2693 1742 2758 q
1792 2693 1834 2737 ur
1856 2692 1960 2758 qum
1976 2692 2024 2737 ¹⁰·

474 2841 827 3018 attiuhits
848 2854 979 3014 itit
1003 2839 1460 2993 iettensem
1645 2865 1794 2950 unm
1825 2864 2011 2977 christus
2041 2866 2093 2949 st
2122 2866 2350 2978 mutor?

475 3038 517 3080 atr
535 3018 595 3080 den
617 3015 750 3099 palpent
783 3016 816 3080 itl
851 3026 926 3092 est,
958 3035 1029 3074 murt
1062 3013 1142 3076 rolla
1173 3014 1259 3076 nicht
1286 3015 1457 3096 pretlipett.
1481 3071 1484 3087 ,
1596 3012 1808 3100 Respondeo.
1851 3014 1928 3079 Non
1952 3026 2029 3095 est,
2062 3015 2140 3102 quiu
2172 3026 2271 3079 unica
2305 3027 2377 3080 erat
2412 3013 2495 3083 lt'liu.

473 3104 567 3170 Ariete
588 3104 690 3183 νόμον,
712 3100 881 3187 significat
903 3100 1057 3166 docendo
1079 3097 1198 3167 tollere
1223 3098 1344 3188 legem,
1367 3101 1457 3186 apud
1509 3097 1666 3167 Christus
1692 3121 1759 3166 non
1781 3098 2008 3184 principaliter
2040 3101 2154 3178 venit,
2187 3110 2222 3164 ut
2253 3098 2338 3167 ferat
2370 3099 2496 3187 legem,

472 3188 737 3256 Demosthenem
760 3199 824 3267 est,
846 3186 880 3252 id
903 3199 971 3267 est,
998 3185 1234 3274 promulgare,
1266 3189 1356 3275 quod
1388 3208 1457 3252 non
1481 3246 1484 3259 ,
1509 3187 1570 3252 sed
1594 3198 1630 3265 ut
1650 3186 1694 3251 sit
1715 3187 1916 3273 redemptor,
1939 3183 2117 3265 liberator,
2145 3185 2297 3253 salvator
2323 3209 2345 3252 a
2371 3190 2496 3273 poerrt'r

474 3279 519 3342 sit
535 3274 602 3343 lex.
647 3274 696 3341 lta
718 3272 874 3341 Christus
896 3272 951 3338 hic
973 3274 1038 3353 ait,
1061 3294 1101 3340 se
1121 3296 1189 3341 nor
1213 3278 1347 3342 venisse
1368 3298 1458 3338 aare·
1481 3280 1485 3367 ἰ
1508 3270 1620 3360 legis,
1654 3285 1687 3338 et
1718 3275 1761 3378 im
1776 3273 1987 3377 tutetmnolris
2004 3293 2099 3337 suam
2121 3273 2288 3338 iustitiam.
2335 3271 2496 3340 Christus

1598 3356 1758 3511 trites
1773 3372 1848 3510 ut
1867 3360 2092 3533 ιιειει
2113 3359 2497 3512 astitisse

707 3556 819 3639 Num
850 3566 988 3666 potest
1017 3553 1086 3636 lex
1116 3553 1227 3642 tolli?
1480 3517 1681 3643 {singulare
1703 3528 1863 3612 officium,
1880 3530 2052 3599 ettamen·
2069 3542 2123 3596 est
2144 3532 2309 3619 interpres
2331 3529 2432 3620 legis.

559 3703 654 3777 Nont
678 3703 757 3790 quia
777 3701 876 3769 Deus
894 3723 962 3775 non
985 3712 1107 3787 potest:
1118 3699 1200 3769 tolli.

1480 3711 1485 3902 ξ
1510 3759 1621 3863 Quid
1648 3760 1748 3897 iacit·
1766 3759 1951 3846 Christus
1982 3762 2169 3903 docendo
2198 3761 2333 3872 legem
2341 3762 2368 3850 ‘i’
2393 3764 2494 3912 ‹puid

609 3897 720 4002 Quid
751 3910 814 3991 esi
841 3897 936 3983 Lex
963 3927 1037 3981 eeu
1066 3896 1327 4009 Decelogus‘i
1581 3879 1679 3965 facit
1707 3894 1845 3965 noster
1874 3894 2015 3993 pastor
2044 3883 2231 3968 docendo
2262 3883 2426 3995 legem?

559 4046 623 4113 Est
644 4047 719 4132 ipsa
740 4046 904 4131 sapientia
927 4044 991 4110 Dei
1013 4055 1048 4110 ει
1075 4066 1193 4111 norma
1225 4046 1390 4126 iustitiae,
1423 4046 1457 4110 id
1594 4043 1809 4130 liesponrleo.
1854 4044 1987 4131 Repetit
2008 4066 2126 4113 vocem
2148 4049 2351 4128 divinam,et
2369 4049 2492 4114 dlscer·

472 4148 536 4220 est,
558 4155 627 4199 non
649 4135 818 4220 praedico,
830 4133 934 4219 inquit
946 4129 1111 4212 Christus,
1134 4133 1223 4218 quod
1246 4152 1313 4198 nou
1335 4132 1380 4198 ειι
1400 4129 1457 4198 lex
1508 4131 1556 4198 alt
1578 4150 1651 4196 eum
1673 4135 1716 4197 ab
1740 4133 1911 4199 erroribus
1933 4132 2104 4212 humanis,
2127 4136 2248 4219 quibus
2278 4136 2491 4201 obscuratur.

472 4219 620 4299 moralis,
642 4222 705 4286 sed
727 4217 806 4286 volo
828 4232 933 4289 ratam
955 4238 1046 4299 esse,
1070 4230 1104 4286 et
1125 4219 1270 4304 implere.
1509 4218 1654 4287 hlurrdus
1677 4239 1810 4305 semper
1832 4221 2012 4304 cprmrnpit
2034 4218 2144 4308 legem
2166 4218 2245 4293 Dei,
2273 4232 2309 4287 at
2332 4219 2380 4286 r·
2408 4224 2493 4288 istae

1509 4305 1638 4373 dieunt:
1671 4304 1951 4392 Concupiscentia
1984 4325 2051 4371 non
2084 4318 2137 4371 cst
2182 4318 2343 4372 coortum.
2423 4328 2493 4371 ιιιιιι

1508 4390 1608 4453 Deum
1629 4393 1788 4463 invocato,
1810 4391 1915 4478 inquit
1937 4390 2013 4468 ler:;
2035 4388 2084 4457 illi
2104 4328 2248 4460 adsunt:
2264 4396 2377 4455 incorr
2396 4398 2491 4457 etiam

1508 4477 1592 4540 aliur
1622 4486 1762 4543 sanctos.
1806 4476 1904 4543 ltem:
1935 4477 2009 4540 Nm
2041 4477 2260 4546 moechaberis.
2304 4478 2403 4566 Papa
2428 4481 2489 4548 ull:

558 4565 722 4637 Quatoor.
769 4563 808 4643 l-·,
836 4585 899 4631 sua
925 4566 1030 4650 ipsius
1054 4565 1253 4635 ohedientia.
1297 4561 1457 4629 Potestne
1480 4598 1484 4691 p
1507 4562 1694 4646 Praecipio,
1717 4573 1751 4628 ιιι
1772 4583 1835 4626 nott
1852 4567 1914 4645 fias
1934 4567 2076 4637 nmritur,
2097 4564 2156 4627 sed
2172 4568 2334 4646 permitto,
2357 4573 2491 4629 ati'rrtar

471 4651 545 4719 Len
566 4649 631 4717 Dei
655 4670 734 4717 esse
754 4646 879 4715 frustra
900 4648 991 4718 latui
1025 4652 1109 4718 Non.
1158 4650 1299 4737 Oportet
1320 4647 1456 4736 aliquod
1480 4702 1484 4719 .
1508 4653 1542 4711 iu
1565 4649 1727 4716 libidines.
1773 4650 2030 4717 concionatoris
2053 4663 2106 4717 est
2128 4664 2280 4736 repetere
2300 4648 2426 4739 legem,
2458 4662 2491 4719 ει

471 4740 676 4807 individuum
700 4738 833 4803 esse'in
856 4758 980 4823 genere
1001 4735 1168 4809 humano,
1203 4739 1300 4802 etiam
1334 4737 1368 4800 in
1389 4732 1455 4800 hac
1479 4790 1483 4833 Ι
1508 4748 1624 4802 taxare
1645 4758 1793 4817 errores,
1816 4739 1937 4823 quihus
1960 4736 2016 4802 lex
2037 4739 2253 4804 obscuratur:
2286 4739 2374 4804 sicut
2396 4736 2489 4805 furt

473 4829 551 4907 rita,
573 4826 663 4912 quod
687 4820 820 4909 impleat
841 4820 960 4909 legem.
1003 4820 1289 4888 Nemohominum
1307 4820 1366 4888 fuit
1383 4823 1455 4886 sine
1479 4836 1482 4865 ¹
1507 4833 1581 4887 stus
1604 4819 1695 4902 iacit,
1719 4824 1889 4910 iuquiens:
1917 4821 1994 4888 Non
2013 4824 2241 4897 moechatam,-
2274 4837 2306 4890 et
2339 4822 2492 4891 declarat

495 4925 613 4980 ecoato
635 4923 768 4998 praeter
785 4908 888 4974 filium
910 4908 998 4989 Dei,
1030 4909 1087 4994 qui
1117 4905 1228 4992 implet
1249 4907 1359 4995 legem
1382 4928 1456 4994 per·
1479 4884 1483 4965 l
1507 4906 1573 4973 h'oe
1617 4923 1824 4996 raeceptum:
1865 4908 1928 4981 Qui
1947 4913 2065 4990 aspicit
2085 4912 2240 4973 mliorem
2264 4911 2309 4972 ad
2340 4912 2490 4993 cuempi-

470 4936 578 5074 herm
612 5019 709 5063 nemo
732 4997 847 5065 habuit
895 4996 1011 5062 radam
1045 4991 1134 5060 illius
1167 4992 1377 5074 dilectionis,
1412 4994 1455 5057 de
1477 4983 1482 5027 ¹
1506 4932 1654 5057 sartha
1674 5017 1750 5059 eam.
1794 4996 1951 5081 Papistae
1973 5008 2008 5061 ει
2028 4997 2186 5063 lllonachi
2208 4999 2339 5063 dicunt=
2380 4996 2490 5059 Indui·

534 4415 649 4519 Quot
681 4416 814 4498 modis
845 4413 1029 4501 Christus
1059 4414 1204 4528 implet
1232 4410 1397 4527 legem?
1480 4436 1485 4482 ¹

472 5105 539 5171 qua
561 5085 696 5152 dicitur:
717 5082 849 5166 Dilipas
895 5103 960 5144 rum
977 5102 1021 5144 σε
1041 5088 1109 5144 tcto
1131 5080 1239 5155 eorde,
1266 5079 1362 5147 ltem:
1380 5078 1456 5143 Non
1505 5103 1579 5163 pere
1605 5082 1698 5143 maiis
1719 5081 1897 5163 apartibus,
1920 5101 1988 5143 noir
2006 5090 2053 5146 ert
2072 5090 2246 5164 peccatam
2293 5082 2373 5148 ltem
2397 5083 2489 5146 dett·

472 5173 690 5250 concupieras.
1507 5171 1589 5232 ιιιιιο
1611 5168 1652 5230 de
1669 5168 1959 5250 peonitentiam
1978 5176 2033 5230 ert·
2044 5178 2226 5250 peccatum:
2247 5171 2312 5234 imo
2336 5181 2390 5234 εει
2412 5169 2489 5235 hor-

557 5256 590 5321 9.
613 5254 814 5327 Derivando
830 5273 974 5340 poenam
994 5254 1029 5318 in
1059 5272 1116 5331 se,
1147 5274 1209 5340 pro
1233 5250 1319 5330 aliis,
1339 5248 1453 5317 videli·
1505 5253 1804 5341 ribilepeccatum.
1849 5250 2007 5320 Officium
2030 5255 2156 5321 Christi
2181 5268 2233 5321 est
2258 5267 2414 5341 repetere
2442 5253 2488 5321 le·

471 5352 537 5421 cet,
562 5354 596 5406 ut
618 5341 725 5426 ipsius
748 5340 936 5407 innocentis
954 5360 1063 5425 poena
1086 5340 1130 5404 sit
1151 5339 1292 5426 pretium
1314 5359 1376 5424 pro
1394 5358 1454 5403 no·
1506 5361 1595 5427 gent,
1618 5354 1652 5406 ει
1673 5352 1790 5406 taxare
1812 5361 1946 5406 errores
1966 5341 2108 5409 additos·

469 5428 539 5495 bis:
561 5426 634 5489 Dar
656 5429 698 5486 itt
720 5428 770 5486 ein
791 5447 884 5507 prore
905 5427 985 5508 dt'np
995 5474 1008 5506 ,
1041 5429 1114 5512 ipse
1143 5427 1323 5497 ‹lerivatziu
1347 5443 1386 5529 se
1408 5424 1454 5489 in·

470 5510 1480 5707 titt,iltittttttdttlttt'ttlttstitt,
1549 5534 1673 5639 Quod
1703 5552 1767 5621 ea
1794 5537 2012 5655 enneade
2044 5535 2222 5623 0ffi0¹¹¹¹1¹
2254 5534 2435 5623 cunm?

468 5683 623 5753 tartaree
647 5684 684 5749 ιιι
717 5702 779 5771 pro
811 5686 910 5751 uobis
937 5680 1166 5751 maledictum
1214 5682 1291 5746 War
1311 5682 1375 5746 dar
1396 5685 1481 5764 ιἰιμ
1590 5680 1747 5751 Proferre
1769 5704 1887 5751 vocem
1909 5682 2084 5773 Evangelii
2116 5705 2158 5753 ex
2190 5686 2267 5753 sinu
2286 5684 2425 5766 Patris,
2455 5696 2489 5752 ιι
