<?xml version="1.0" encoding="UTF-8"?>
<!DOCTYPE html PUBLIC "-//W3C//DTD XHTML 1.0 Transitional//EN"
    "http://www.w3.org/TR/xhtml1/DTD/xhtml1-transitional.dtd">
<html xmlns="http://www.w3.org/1999/xhtml" xml:lang="en" lang="en">
 <head>
  <title>
</title>
<meta http-equiv="Content-Type" content="text/html;charset=utf-8" />
  <meta name='ocr-system' content='tesseract 3.04.00' />
  <meta name='ocr-capabilities' content='ocr_page ocr_carea ocr_par ocr_line ocrx_word'/>
</head>
<body>
  <div class='ocr_page' id='page_1' title='image "./philippimelanth06melagoog_0094.png"; bbox 0 0 5934 6709; ppageno 0'>
   <div class='ocr_carea' id='block_1_1' title="bbox 475 634 2488 739">
    <p class='ocr_par' dir='ltr' id='par_1_1' title="bbox 475 634 2488 739">
     <span class='ocr_line' id='line_1_1' title="bbox 475 634 2488 739; baseline -0.001 -1"><span class='ocrx_word' id='word_1_1' title='bbox 475 672 538 738; x_wconf 76' lang='lat' dir='ltr'><strong>aaa</strong></span> <span class='ocrx_word' id='word_1_2' title='bbox 997 634 1023 662; x_wconf 76' lang='lat'><strong>&#39;&#39;</strong></span> <span class='ocrx_word' id='word_1_3' title='bbox 1107 672 1217 738; x_wconf 78' lang='lat' dir='ltr'><strong>autu.</strong></span> <span class='ocrx_word' id='word_1_4' title='bbox 1240 673 1345 739; x_wconf 80' lang='lat' dir='ltr'><strong>utar..</strong></span> <span class='ocrx_word' id='word_1_5' title='bbox 1369 671 1557 739; x_wconf 70' lang='lat' dir='ltr'><strong>scania</strong></span> <span class='ocrx_word' id='word_1_6' title='bbox 1579 668 1844 736; x_wconf 70' lang='lat' dir='ltr'><strong>exacuatas.</strong></span> <span class='ocrx_word' id='word_1_7' title='bbox 2422 668 2488 735; x_wconf 75' lang='lat' dir='ltr'><strong>roa</strong></span> 
     </span>
    </p>
   </div>
   <div class='ocr_carea' id='block_1_2' title="bbox 451 855 2514 5412">
    <p class='ocr_par' dir='ltr' id='par_1_2' title="bbox 473 855 2514 2406">
     <span class='ocr_line' id='line_1_2' title="bbox 474 855 2487 947; baseline -0.002 -21"><span class='ocrx_word' id='word_1_8' title='bbox 474 861 532 926; x_wconf 85' lang='lat' dir='ltr'><strong>lsti</strong></span> <span class='ocrx_word' id='word_1_9' title='bbox 556 861 719 939; x_wconf 66' lang='lat' dir='ltr'><strong>bominis,</strong></span> <span class='ocrx_word' id='word_1_10' title='bbox 740 863 773 925; x_wconf 92' lang='lat' dir='ltr'><strong>in</strong></span> <span class='ocrx_word' id='word_1_11' title='bbox 796 864 916 946; x_wconf 85' lang='lat' dir='ltr'><strong>quibus</strong></span> <span class='ocrx_word' id='word_1_12' title='bbox 936 884 1000 927; x_wconf 87' lang='lat' dir='ltr'><strong>nou</strong></span> <span class='ocrx_word' id='word_1_13' title='bbox 1021 860 1189 938; x_wconf 85' lang='lat' dir='ltr'><strong>estDeus,</strong></span> <span class='ocrx_word' id='word_1_14' title='bbox 1213 864 1383 947; x_wconf 85' lang='lat' dir='ltr'><strong>rapiuntur</strong></span> <span class='ocrx_word' id='word_1_15' title='bbox 1406 863 1455 926; x_wconf 92' lang='lat' dir='ltr'><strong>di·</strong></span> <span class='ocrx_word' id='word_1_16' title='bbox 1507 863 1593 925; x_wconf 91' lang='lat' dir='ltr'><strong>sicut</strong></span> <span class='ocrx_word' id='word_1_17' title='bbox 1615 861 1646 923; x_wconf 91' lang='lat' dir='ltr'><strong>in</strong></span> <span class='ocrx_word' id='word_1_18' title='bbox 1670 861 1822 924; x_wconf 87' lang='lat' dir='ltr'><strong>omnibus</strong></span> <span class='ocrx_word' id='word_1_19' title='bbox 1846 856 1991 923; x_wconf 83' lang='lat' dir='ltr'><strong>historiis</strong></span> <span class='ocrx_word' id='word_1_20' title='bbox 2010 873 2042 921; x_wconf 90' lang='lat' dir='ltr'><strong>et</strong></span> <span class='ocrx_word' id='word_1_21' title='bbox 2053 855 2266 936; x_wconf 89' lang='lat' dir='ltr'><strong>lectionibus,</strong></span> <span class='ocrx_word' id='word_1_22' title='bbox 2289 878 2354 922; x_wconf 92' lang='lat' dir='ltr'><strong>non</strong></span> <span class='ocrx_word' id='word_1_23' title='bbox 2371 870 2487 943; x_wconf 77' lang='lat' dir='ltr'><strong>potest</strong></span> 
     </span>
     <span class='ocr_line' id='line_1_3' title="bbox 473 943 2487 1030; baseline -0 -18"><span class='ocrx_word' id='word_1_24' title='bbox 473 949 677 1013; x_wconf 84' lang='lat' dir='ltr'><strong>versissimis</strong></span> <span class='ocrx_word' id='word_1_25' title='bbox 701 949 867 1024; x_wconf 77' lang='lat' dir='ltr'><strong>aestibus,</strong></span> <span class='ocrx_word' id='word_1_26' title='bbox 903 946 988 1013; x_wconf 86' lang='lat' dir='ltr'><strong>alius</strong></span> <span class='ocrx_word' id='word_1_27' title='bbox 1016 949 1109 1012; x_wconf 87' lang='lat' dir='ltr'><strong>ardet</strong></span> <span class='ocrx_word' id='word_1_28' title='bbox 1140 950 1336 1025; x_wconf 76' lang='lat' dir='ltr'><strong>ambitione,</strong></span> <span class='ocrx_word' id='word_1_29' title='bbox 1370 943 1454 1012; x_wconf 90' lang='lat' dir='ltr'><strong>alius</strong></span> <span class='ocrx_word' id='word_1_30' title='bbox 1506 946 1672 1012; x_wconf 82' lang='lat' dir='ltr'><strong>exhauriri</strong></span> <span class='ocrx_word' id='word_1_31' title='bbox 1695 966 1745 1010; x_wconf 88' lang='lat' dir='ltr'><strong>ma</strong></span> <span class='ocrx_word' id='word_1_32' title='bbox 1772 947 1885 1010; x_wconf 92' lang='lat' dir='ltr'><strong>nitudo</strong></span> <span class='ocrx_word' id='word_1_33' title='bbox 1909 945 2091 1030; x_wconf 77' lang='lat' dir='ltr'><strong>sapientiae</strong></span> <span class='ocrx_word' id='word_1_34' title='bbox 2113 944 2252 1009; x_wconf 90' lang='lat' dir='ltr'><strong>divinae.</strong></span> <span class='ocrx_word' id='word_1_35' title='bbox 2297 945 2365 1008; x_wconf 90' lang='lat' dir='ltr'><strong>Sed</strong></span> <span class='ocrx_word' id='word_1_36' title='bbox 2397 946 2487 1029; x_wconf 88' lang='lat' dir='ltr'><strong>prin·</strong></span> 
     </span>
     <span class='ocr_line' id='line_1_4' title="bbox 473 967 2486 1118; baseline -0.001 -20"><span class='ocrx_word' id='word_1_37' title='bbox 473 1033 632 1110; x_wconf 84' lang='lat' dir='ltr'><strong>libidine,</strong></span> <span class='ocrx_word' id='word_1_38' title='bbox 663 1048 692 1096; x_wconf 90' lang='lat' dir='ltr'><strong>et</strong></span> <span class='ocrx_word' id='word_1_39' title='bbox 728 1054 788 1118; x_wconf 88' lang='lat' dir='ltr'><strong>pro</strong></span> <span class='ocrx_word' id='word_1_40' title='bbox 821 1032 997 1099; x_wconf 81' lang='lat' dir='ltr'><strong>affectibus</strong></span> <span class='ocrx_word' id='word_1_41' title='bbox 1027 1034 1199 1112; x_wconf 89' lang='lat' dir='ltr'><strong>dimicant,</strong></span> <span class='ocrx_word' id='word_1_42' title='bbox 1233 1045 1265 1098; x_wconf 91' lang='lat' dir='ltr'><strong>et</strong></span> <span class='ocrx_word' id='word_1_43' title='bbox 1293 1045 1456 1118; x_wconf 83' lang='lat' dir='ltr'><strong>quaerunt</strong></span> <span class='ocrx_word' id='word_1_44' title='bbox 1507 1029 1625 1117; x_wconf 80' lang='lat' dir='ltr'><strong>cipalis</strong></span> <span class='ocrx_word' id='word_1_45' title='bbox 1681 1053 1737 1095; x_wconf 89' lang='lat' dir='ltr'><strong>ars</strong></span> <span class='ocrx_word' id='word_1_46' title='bbox 1748 967 1843 1095; x_wconf 70' lang='lat' dir='ltr'><strong>llaec</strong></span> <span class='ocrx_word' id='word_1_47' title='bbox 1866 1043 1932 1095; x_wconf 86' lang='lat' dir='ltr'><strong>est:</strong></span> <span class='ocrx_word' id='word_1_48' title='bbox 1966 1030 2057 1094; x_wconf 78' lang='lat' dir='ltr'><strong>Deus</strong></span> <span class='ocrx_word' id='word_1_49' title='bbox 2083 1027 2154 1094; x_wconf 81' lang='lat' dir='ltr'><strong>vult</strong></span> <span class='ocrx_word' id='word_1_50' title='bbox 2176 1044 2310 1096; x_wconf 71' lang='lat' dir='ltr'><strong>exstare</strong></span> <span class='ocrx_word' id='word_1_51' title='bbox 2338 1032 2486 1098; x_wconf 88' lang='lat' dir='ltr'><strong>testimo·</strong></span> 
     </span>
     <span class='ocr_line' id='line_1_5' title="bbox 475 1054 2514 1206; baseline 0 -25"><span class='ocrx_word' id='word_1_52' title='bbox 475 1120 641 1206; x_wconf 84' lang='lat' dir='ltr'><strong>praesidia</strong></span> <span class='ocrx_word' id='word_1_53' title='bbox 664 1140 800 1183; x_wconf 81' lang='lat' dir='ltr'><strong>suorum</strong></span> <span class='ocrx_word' id='word_1_54' title='bbox 819 1117 1005 1184; x_wconf 81' lang='lat' dir='ltr'><strong>affectuum.</strong></span> <span class='ocrx_word' id='word_1_55' title='bbox 1048 1124 1143 1185; x_wconf 80' lang='lat' dir='ltr'><strong>Wenn</strong></span> <span class='ocrx_word' id='word_1_56' title='bbox 1164 1126 1256 1185; x_wconf 81' lang='lat' dir='ltr'><strong>einer</strong></span> <span class='ocrx_word' id='word_1_57' title='bbox 1273 1120 1385 1202; x_wconf 72' lang='lat' dir='ltr'><strong>scindi</strong></span> <span class='ocrx_word' id='word_1_58' title='bbox 1405 1127 1455 1201; x_wconf 81' lang='lat' dir='ltr'><strong>ist,</strong></span> <span class='ocrx_word' id='word_1_59' title='bbox 1507 1120 1562 1183; x_wconf 91' lang='lat' dir='ltr'><strong>nia</strong></span> <span class='ocrx_word' id='word_1_60' title='bbox 1585 1118 1626 1182; x_wconf 92' lang='lat' dir='ltr'><strong>de</strong></span> <span class='ocrx_word' id='word_1_61' title='bbox 1648 1054 1736 1193; x_wconf 82' lang='lat' dir='ltr'><strong>illio,</strong></span> <span class='ocrx_word' id='word_1_62' title='bbox 1768 1119 1810 1180; x_wconf 89' lang='lat' dir='ltr'><strong>de</strong></span> <span class='ocrx_word' id='word_1_63' title='bbox 1841 1117 1993 1180; x_wconf 84' lang='lat' dir='ltr'><strong>omnibns</strong></span> <span class='ocrx_word' id='word_1_64' title='bbox 2014 1113 2163 1181; x_wconf 88' lang='lat' dir='ltr'><strong>articulis</strong></span> <span class='ocrx_word' id='word_1_65' title='bbox 2185 1114 2274 1193; x_wconf 85' lang='lat' dir='ltr'><strong>fidei,</strong></span> <span class='ocrx_word' id='word_1_66' title='bbox 2307 1113 2514 1202; x_wconf 65' lang='lat' dir='ltr'><strong>propterea*</strong></span> 
     </span>
     <span class='ocr_line' id='line_1_6' title="bbox 474 1199 2486 1289; baseline -0.001 -18"><span class='ocrx_word' id='word_1_67' title='bbox 474 1226 513 1271; x_wconf 80' lang='lat' dir='ltr'><strong>ro</strong></span> <span class='ocrx_word' id='word_1_68' title='bbox 539 1207 645 1270; x_wconf 81' lang='lat' dir='ltr'><strong>mccdt</strong></span> <span class='ocrx_word' id='word_1_69' title='bbox 671 1227 708 1271; x_wconf 78' lang='lat' dir='ltr'><strong>er</strong></span> <span class='ocrx_word' id='word_1_70' title='bbox 735 1209 819 1271; x_wconf 75' lang='lat' dir='ltr'><strong>ilum</strong></span> <span class='ocrx_word' id='word_1_71' title='bbox 845 1212 938 1271; x_wconf 67' lang='lat' dir='ltr'><strong>anea</strong></span> <span class='ocrx_word' id='word_1_72' title='bbox 967 1217 1092 1289; x_wconf 83' lang='lat' dir='ltr'><strong>partem</strong></span> <span class='ocrx_word' id='word_1_73' title='bbox 1122 1207 1303 1286; x_wconf 79' lang='lat' dir='ltr'><strong>andeapip:</strong></span> <span class='ocrx_word' id='word_1_74' title='bbox 1334 1208 1391 1270; x_wconf 84' lang='lat' dir='ltr'><strong>dot</strong></span> <span class='ocrx_word' id='word_1_75' title='bbox 1419 1226 1456 1269; x_wconf 87' lang='lat' dir='ltr'><strong>er</strong></span> <span class='ocrx_word' id='word_1_76' title='bbox 1507 1205 1552 1269; x_wconf 92' lang='lat' dir='ltr'><strong>ibi</strong></span> <span class='ocrx_word' id='word_1_77' title='bbox 1574 1204 1724 1289; x_wconf 65' lang='lat' dir='ltr'><strong>synodus</strong></span> <span class='ocrx_word' id='word_1_78' title='bbox 1746 1201 1837 1267; x_wconf 83' lang='lat' dir='ltr'><strong>facta</strong></span> <span class='ocrx_word' id='word_1_79' title='bbox 1858 1215 1927 1281; x_wconf 87' lang='lat' dir='ltr'><strong>cst,</strong></span> <span class='ocrx_word' id='word_1_80' title='bbox 1959 1216 1994 1267; x_wconf 90' lang='lat' dir='ltr'><strong>ut</strong></span> <span class='ocrx_word' id='word_1_81' title='bbox 2023 1199 2079 1266; x_wconf 90' lang='lat' dir='ltr'><strong>iila</strong></span> <span class='ocrx_word' id='word_1_82' title='bbox 2101 1203 2287 1266; x_wconf 89' lang='lat' dir='ltr'><strong>testimonia</strong></span> <span class='ocrx_word' id='word_1_83' title='bbox 2310 1204 2486 1286; x_wconf 88' lang='lat' dir='ltr'><strong>percrebe-</strong></span> 
     </span>
     <span class='ocr_line' id='line_1_7' title="bbox 474 1285 2487 1373; baseline -0.001 -16"><span class='ocrx_word' id='word_1_84' title='bbox 474 1301 566 1357; x_wconf 79' lang='lat' dir='ltr'><strong>sonat</strong></span> <span class='ocrx_word' id='word_1_85' title='bbox 586 1297 678 1355; x_wconf 77' lang='lat' dir='ltr'><strong>einen</strong></span> <span class='ocrx_word' id='word_1_86' title='bbox 700 1295 873 1355; x_wconf 75' lang='lat' dir='ltr'><strong>rrtrrtrcillen</strong></span> <span class='ocrx_word' id='word_1_87' title='bbox 891 1296 961 1372; x_wconf 79' lang='lat' dir='ltr'><strong>sur,</strong></span> <span class='ocrx_word' id='word_1_88' title='bbox 983 1312 1020 1357; x_wconf 84' lang='lat' dir='ltr'><strong>so</strong></span> <span class='ocrx_word' id='word_1_89' title='bbox 1040 1289 1127 1357; x_wconf 71' lang='lat' dir='ltr'><strong>mem</strong></span> <span class='ocrx_word' id='word_1_90' title='bbox 1145 1312 1189 1373; x_wconf 86' lang='lat' dir='ltr'><strong>er,</strong></span> <span class='ocrx_word' id='word_1_91' title='bbox 1211 1297 1271 1356; x_wconf 78' lang='lat' dir='ltr'><strong>acie</strong></span> <span class='ocrx_word' id='word_1_92' title='bbox 1292 1311 1330 1356; x_wconf 87' lang='lat' dir='ltr'><strong>er</strong></span> <span class='ocrx_word' id='word_1_93' title='bbox 1351 1293 1456 1355; x_wconf 68' lang='lat' dir='ltr'><strong>dorsu</strong></span> <span class='ocrx_word' id='word_1_94' title='bbox 1508 1301 1661 1366; x_wconf 79' lang='lat' dir='ltr'><strong>suerent,</strong></span> <span class='ocrx_word' id='word_1_95' title='bbox 1696 1303 1729 1352; x_wconf 87' lang='lat' dir='ltr'><strong>et</strong></span> <span class='ocrx_word' id='word_1_96' title='bbox 1760 1300 1838 1352; x_wconf 92' lang='lat' dir='ltr'><strong>nota</strong></span> <span class='ocrx_word' id='word_1_97' title='bbox 1860 1288 1976 1351; x_wconf 85' lang='lat' dir='ltr'><strong>fierent</strong></span> <span class='ocrx_word' id='word_1_98' title='bbox 1998 1302 2031 1353; x_wconf 93' lang='lat' dir='ltr'><strong>et</strong></span> <span class='ocrx_word' id='word_1_99' title='bbox 2054 1285 2233 1353; x_wconf 87' lang='lat' dir='ltr'><strong>celebrata.</strong></span> <span class='ocrx_word' id='word_1_100' title='bbox 2287 1286 2381 1353; x_wconf 87' lang='lat' dir='ltr'><strong>Deus</strong></span> <span class='ocrx_word' id='word_1_101' title='bbox 2416 1286 2487 1355; x_wconf 85' lang='lat' dir='ltr'><strong>vult</strong></span> 
     </span>
     <span class='ocr_line' id='line_1_8' title="bbox 474 1370 2485 1460; baseline -0.002 -17"><span class='ocrx_word' id='word_1_102' title='bbox 474 1381 591 1460; x_wconf 71' lang='lat' dir='ltr'><strong>teupi,</strong></span> <span class='ocrx_word' id='word_1_103' title='bbox 612 1379 673 1442; x_wconf 78' lang='lat' dir='ltr'><strong>dor</strong></span> <span class='ocrx_word' id='word_1_104' title='bbox 694 1380 771 1442; x_wconf 81' lang='lat' dir='ltr'><strong>aiud</strong></span> <span class='ocrx_word' id='word_1_105' title='bbox 791 1397 894 1460; x_wconf 89' lang='lat' dir='ltr'><strong>opera</strong></span> <span class='ocrx_word' id='word_1_106' title='bbox 917 1377 1037 1441; x_wconf 77' lang='lat' dir='ltr'><strong>earnis.</strong></span> <span class='ocrx_word' id='word_1_107' title='bbox 1508 1390 1642 1440; x_wconf 81' lang='lat' dir='ltr'><strong>exstare</strong></span> <span class='ocrx_word' id='word_1_108' title='bbox 1663 1376 1849 1439; x_wconf 89' lang='lat' dir='ltr'><strong>testimonia</strong></span> <span class='ocrx_word' id='word_1_109' title='bbox 1870 1372 1959 1452; x_wconf 80' lang='lat' dir='ltr'><strong>fidet,</strong></span> <span class='ocrx_word' id='word_1_110' title='bbox 1983 1370 2053 1438; x_wconf 85' lang='lat' dir='ltr'><strong>vult</strong></span> <span class='ocrx_word' id='word_1_111' title='bbox 2075 1385 2207 1438; x_wconf 88' lang='lat' dir='ltr'><strong>exstare</strong></span> <span class='ocrx_word' id='word_1_112' title='bbox 2226 1371 2485 1455; x_wconf 79' lang='lat' dir='ltr'><strong>confessionem,</strong></span> 
     </span>
     <span class='ocr_line' id='line_1_9' title="bbox 562 1446 2486 1546; baseline 0.001 -21"><span class='ocrx_word' id='word_1_113' title='bbox 562 1459 622 1526; x_wconf 90' lang='lat' dir='ltr'><strong>llla</strong></span> <span class='ocrx_word' id='word_1_114' title='bbox 643 1459 704 1526; x_wconf 90' lang='lat' dir='ltr'><strong>luit</strong></span> <span class='ocrx_word' id='word_1_115' title='bbox 724 1462 970 1546; x_wconf 83' lang='lat' dir='ltr'><strong>sapientissima</strong></span> <span class='ocrx_word' id='word_1_116' title='bbox 991 1463 1106 1546; x_wconf 76' lang='lat' dir='ltr'><strong>uirgo,</strong></span> <span class='ocrx_word' id='word_1_117' title='bbox 1136 1461 1273 1526; x_wconf 84' lang='lat' dir='ltr'><strong>assidua</strong></span> <span class='ocrx_word' id='word_1_118' title='bbox 1296 1464 1328 1525; x_wconf 93' lang='lat' dir='ltr'><strong>in</strong></span> <span class='ocrx_word' id='word_1_119' title='bbox 1352 1457 1454 1526; x_wconf 91' lang='lat' dir='ltr'><strong>collo·</strong></span> <span class='ocrx_word' id='word_1_120' title='bbox 1480 1446 1484 1481; x_wconf 81' lang='lat'><strong>¹</strong></span> <span class='ocrx_word' id='word_1_121' title='bbox 1507 1459 1579 1527; x_wconf 90' lang='lat' dir='ltr'><strong>vult</strong></span> <span class='ocrx_word' id='word_1_122' title='bbox 1610 1461 1795 1524; x_wconf 75' lang='lat' dir='ltr'><strong>docuinam</strong></span> <span class='ocrx_word' id='word_1_123' title='bbox 1828 1472 1939 1524; x_wconf 91' lang='lat' dir='ltr'><strong>notam</strong></span> <span class='ocrx_word' id='word_1_124' title='bbox 1974 1479 2052 1522; x_wconf 87' lang='lat' dir='ltr'><strong>esse</strong></span> <span class='ocrx_word' id='word_1_125' title='bbox 2086 1460 2127 1523; x_wconf 95' lang='lat' dir='ltr'><strong>de</strong></span> <span class='ocrx_word' id='word_1_126' title='bbox 2149 1457 2246 1526; x_wconf 86' lang='lat' dir='ltr'><strong>Filio:</strong></span> <span class='ocrx_word' id='word_1_127' title='bbox 2280 1458 2351 1525; x_wconf 88' lang='lat' dir='ltr'><strong>vult</strong></span> <span class='ocrx_word' id='word_1_128' title='bbox 2383 1460 2486 1526; x_wconf 85' lang='lat' dir='ltr'><strong>tilium</strong></span> 
     </span>
     <span class='ocr_line' id='line_1_10' title="bbox 476 1545 2488 1648; baseline 0 -36"><span class='ocrx_word' id='word_1_129' title='bbox 476 1549 561 1633; x_wconf 87' lang='lat' dir='ltr'><strong>quiis</strong></span> <span class='ocrx_word' id='word_1_130' title='bbox 583 1548 869 1612; x_wconf 88' lang='lat' dir='ltr'><strong>sanctissimorum</strong></span> <span class='ocrx_word' id='word_1_131' title='bbox 892 1546 1072 1612; x_wconf 84' lang='lat' dir='ltr'><strong>hominum.</strong></span> <span class='ocrx_word' id='word_1_132' title='bbox 1116 1546 1192 1611; x_wconf 90' lang='lat' dir='ltr'><strong>Non</strong></span> <span class='ocrx_word' id='word_1_133' title='bbox 1214 1547 1342 1612; x_wconf 88' lang='lat' dir='ltr'><strong>debetis</strong></span> <span class='ocrx_word' id='word_1_134' title='bbox 1365 1546 1454 1648; x_wconf 83' lang='lat' dir='ltr'><strong>cogi·</strong></span> <span class='ocrx_word' id='word_1_135' title='bbox 1508 1550 1647 1633; x_wconf 75' lang='lat' dir='ltr'><strong>agnosci</strong></span> <span class='ocrx_word' id='word_1_136' title='bbox 1669 1569 1689 1610; x_wconf 91' lang='lat' dir='ltr'><strong>a</strong></span> <span class='ocrx_word' id='word_1_137' title='bbox 1712 1558 1782 1609; x_wconf 86' lang='lat' dir='ltr'><strong>toto</strong></span> <span class='ocrx_word' id='word_1_138' title='bbox 1804 1566 1927 1631; x_wconf 87' lang='lat' dir='ltr'><strong>genere</strong></span> <span class='ocrx_word' id='word_1_139' title='bbox 1950 1545 2106 1610; x_wconf 88' lang='lat' dir='ltr'><strong>humano.</strong></span> <span class='ocrx_word' id='word_1_140' title='bbox 2158 1545 2236 1610; x_wconf 93' lang='lat' dir='ltr'><strong>ldeo</strong></span> <span class='ocrx_word' id='word_1_141' title='bbox 2260 1558 2488 1633; x_wconf 84' lang='lat' dir='ltr'><strong>congregatur</strong></span> 
     </span>
     <span class='ocr_line' id='line_1_11' title="bbox 476 1629 2487 1720; baseline -0.001 -21"><span class='ocrx_word' id='word_1_142' title='bbox 476 1646 557 1712; x_wconf 91' lang='lat' dir='ltr'><strong>tare,</strong></span> <span class='ocrx_word' id='word_1_143' title='bbox 579 1645 614 1697; x_wconf 92' lang='lat' dir='ltr'><strong>ut</strong></span> <span class='ocrx_word' id='word_1_144' title='bbox 635 1630 735 1717; x_wconf 89' lang='lat' dir='ltr'><strong>aliqui</strong></span> <span class='ocrx_word' id='word_1_145' title='bbox 758 1634 935 1711; x_wconf 89' lang='lat' dir='ltr'><strong>somniant,</strong></span> <span class='ocrx_word' id='word_1_146' title='bbox 955 1634 1044 1720; x_wconf 88' lang='lat' dir='ltr'><strong>quod</strong></span> <span class='ocrx_word' id='word_1_147' title='bbox 1060 1629 1159 1698; x_wconf 84' lang='lat' dir='ltr'><strong>luerit</strong></span> <span class='ocrx_word' id='word_1_148' title='bbox 1174 1630 1455 1717; x_wconf 85' lang='lat' dir='ltr'><strong>puellaegrcstrs,</strong></span> <span class='ocrx_word' id='word_1_149' title='bbox 1507 1633 1670 1719; x_wconf 81' lang='lat' dir='ltr'><strong>synodus,</strong></span> <span class='ocrx_word' id='word_1_150' title='bbox 1692 1653 1778 1716; x_wconf 89' lang='lat' dir='ltr'><strong>quae</strong></span> <span class='ocrx_word' id='word_1_151' title='bbox 1800 1642 1852 1696; x_wconf 86' lang='lat' dir='ltr'><strong>est</strong></span> <span class='ocrx_word' id='word_1_152' title='bbox 1873 1632 1977 1716; x_wconf 90' lang='lat' dir='ltr'><strong>prima</strong></span> <span class='ocrx_word' id='word_1_153' title='bbox 1996 1632 2147 1718; x_wconf 84' lang='lat' dir='ltr'><strong>synodus</strong></span> <span class='ocrx_word' id='word_1_154' title='bbox 2163 1630 2250 1697; x_wconf 90' lang='lat' dir='ltr'><strong>Novi</strong></span> <span class='ocrx_word' id='word_1_155' title='bbox 2272 1629 2487 1712; x_wconf 77' lang='lat' dir='ltr'><strong>Testamenti,</strong></span> 
     </span>
     <span class='ocr_line' id='line_1_12' title="bbox 473 1714 2487 1806; baseline -0.001 -21"><span class='ocrx_word' id='word_1_156' title='bbox 473 1716 529 1785; x_wconf 81' lang='lat' dir='ltr'><strong>uel</strong></span> <span class='ocrx_word' id='word_1_157' title='bbox 562 1720 700 1796; x_wconf 91' lang='lat' dir='ltr'><strong>rustica,</strong></span> <span class='ocrx_word' id='word_1_158' title='bbox 734 1718 797 1784; x_wconf 87' lang='lat' dir='ltr'><strong>etsi</strong></span> <span class='ocrx_word' id='word_1_159' title='bbox 819 1716 882 1782; x_wconf 93' lang='lat' dir='ltr'><strong>hae</strong></span> <span class='ocrx_word' id='word_1_160' title='bbox 905 1740 1039 1806; x_wconf 84' lang='lat' dir='ltr'><strong>quoque</strong></span> <span class='ocrx_word' id='word_1_161' title='bbox 1059 1732 1201 1804; x_wconf 90' lang='lat' dir='ltr'><strong>possunt</strong></span> <span class='ocrx_word' id='word_1_162' title='bbox 1222 1719 1454 1783; x_wconf 82' lang='lat' dir='ltr'><strong>interdurnsu·</strong></span> <span class='ocrx_word' id='word_1_163' title='bbox 1507 1721 1539 1782; x_wconf 95' lang='lat' dir='ltr'><strong>in</strong></span> <span class='ocrx_word' id='word_1_164' title='bbox 1563 1739 1629 1805; x_wconf 91' lang='lat' dir='ltr'><strong>qua</strong></span> <span class='ocrx_word' id='word_1_165' title='bbox 1650 1715 1852 1795; x_wconf 88' lang='lat' dir='ltr'><strong>illustratur,</strong></span> <span class='ocrx_word' id='word_1_166' title='bbox 1881 1738 1948 1782; x_wconf 91' lang='lat' dir='ltr'><strong>non</strong></span> <span class='ocrx_word' id='word_1_167' title='bbox 1971 1718 2047 1782; x_wconf 89' lang='lat' dir='ltr'><strong>dico</strong></span> <span class='ocrx_word' id='word_1_168' title='bbox 2068 1719 2234 1796; x_wconf 89' lang='lat' dir='ltr'><strong>conditur,</strong></span> <span class='ocrx_word' id='word_1_169' title='bbox 2256 1718 2317 1782; x_wconf 91' lang='lat' dir='ltr'><strong>sed</strong></span> <span class='ocrx_word' id='word_1_170' title='bbox 2340 1714 2487 1783; x_wconf 89' lang='lat' dir='ltr'><strong>illustra·</strong></span> 
     </span>
     <span class='ocr_line' id='line_1_13' title="bbox 498 1801 2487 1891; baseline 0 -22"><span class='ocrx_word' id='word_1_171' title='bbox 498 1824 593 1870; x_wconf 88' lang='lat' dir='ltr'><strong>erare</strong></span> <span class='ocrx_word' id='word_1_172' title='bbox 625 1805 766 1891; x_wconf 88' lang='lat' dir='ltr'><strong>ingeniis</strong></span> <span class='ocrx_word' id='word_1_173' title='bbox 799 1801 946 1888; x_wconf 90' lang='lat' dir='ltr'><strong>puellas,</strong></span> <span class='ocrx_word' id='word_1_174' title='bbox 983 1825 1070 1890; x_wconf 87' lang='lat' dir='ltr'><strong>quac</strong></span> <span class='ocrx_word' id='word_1_175' title='bbox 1100 1818 1177 1869; x_wconf 89' lang='lat' dir='ltr'><strong>sunt</strong></span> <span class='ocrx_word' id='word_1_176' title='bbox 1199 1806 1232 1868; x_wconf 93' lang='lat' dir='ltr'><strong>in</strong></span> <span class='ocrx_word' id='word_1_177' title='bbox 1255 1805 1453 1869; x_wconf 84' lang='lat' dir='ltr'><strong>civitatibus.</strong></span> <span class='ocrx_word' id='word_1_178' title='bbox 1507 1817 1559 1870; x_wconf 91' lang='lat' dir='ltr'><strong>tur</strong></span> <span class='ocrx_word' id='word_1_179' title='bbox 1588 1801 1646 1868; x_wconf 90' lang='lat' dir='ltr'><strong>ille</strong></span> <span class='ocrx_word' id='word_1_180' title='bbox 1668 1801 1828 1868; x_wconf 87' lang='lat' dir='ltr'><strong>articulus</strong></span> <span class='ocrx_word' id='word_1_181' title='bbox 1851 1801 1943 1866; x_wconf 82' lang='lat' dir='ltr'><strong>fidei:</strong></span> <span class='ocrx_word' id='word_1_182' title='bbox 1978 1805 2160 1886; x_wconf 68' lang='lat' dir='ltr'><strong>Conceptus</strong></span> <span class='ocrx_word' id='word_1_183' title='bbox 2177 1826 2198 1868; x_wconf 84' lang='lat' dir='ltr'><strong>o</strong></span> <span class='ocrx_word' id='word_1_184' title='bbox 2220 1804 2345 1888; x_wconf 77' lang='lat' dir='ltr'><strong>Spiritu</strong></span> <span class='ocrx_word' id='word_1_185' title='bbox 2364 1811 2487 1886; x_wconf 71' lang='lat' dir='ltr'><strong>amicto,</strong></span> 
     </span>
     <span class='ocr_line' id='line_1_14' title="bbox 507 1887 2486 1977; baseline -0.001 -22"><span class='ocrx_word' id='word_1_186' title='bbox 507 1891 644 1955; x_wconf 88' lang='lat' dir='ltr'><strong>eminam</strong></span> <span class='ocrx_word' id='word_1_187' title='bbox 667 1901 853 1955; x_wconf 84' lang='lat' dir='ltr'><strong>contemno.</strong></span> <span class='ocrx_word' id='word_1_188' title='bbox 899 1891 966 1955; x_wconf 88' lang='lat' dir='ltr'><strong>Sed</strong></span> <span class='ocrx_word' id='word_1_189' title='bbox 990 1905 1100 1956; x_wconf 90' lang='lat' dir='ltr'><strong>tamen</strong></span> <span class='ocrx_word' id='word_1_190' title='bbox 1122 1891 1267 1977; x_wconf 86' lang='lat' dir='ltr'><strong>cogitate</strong></span> <span class='ocrx_word' id='word_1_191' title='bbox 1290 1887 1455 1955; x_wconf 84' lang='lat' dir='ltr'><strong>excellen·</strong></span> <span class='ocrx_word' id='word_1_192' title='bbox 1507 1898 1540 1956; x_wconf 83' lang='lat' dir='ltr'><strong>tn</strong></span> <span class='ocrx_word' id='word_1_193' title='bbox 1558 1896 1664 1958; x_wconf 78' lang='lat' dir='ltr'><strong>,diario</strong></span> <span class='ocrx_word' id='word_1_194' title='bbox 1685 1897 1819 1971; x_wconf 74' lang='lat' dir='ltr'><strong>ctrptne,</strong></span> <span class='ocrx_word' id='word_1_195' title='bbox 1838 1898 1873 1954; x_wconf 86' lang='lat' dir='ltr'><strong>et</strong></span> <span class='ocrx_word' id='word_1_196' title='bbox 1891 1909 1935 1954; x_wconf 77' lang='lat' dir='ltr'><strong>ce</strong></span> <span class='ocrx_word' id='word_1_197' title='bbox 1955 1891 2263 1969; x_wconf 65' lang='lat' dir='ltr'><strong>commentarium</strong></span> <span class='ocrx_word' id='word_1_198' title='bbox 2289 1891 2365 1973; x_wconf 89' lang='lat' dir='ltr'><strong>quia</strong></span> <span class='ocrx_word' id='word_1_199' title='bbox 2387 1910 2486 1975; x_wconf 90' lang='lat' dir='ltr'><strong>opor-</strong></span> 
     </span>
     <span class='ocr_line' id='line_1_15' title="bbox 475 1974 2487 2059; baseline -0.001 -17"><span class='ocrx_word' id='word_1_200' title='bbox 475 1988 527 2042; x_wconf 90' lang='lat' dir='ltr'><strong>tes</strong></span> <span class='ocrx_word' id='word_1_201' title='bbox 548 1975 700 2040; x_wconf 89' lang='lat' dir='ltr'><strong>homines</strong></span> <span class='ocrx_word' id='word_1_202' title='bbox 722 1987 934 2059; x_wconf 79' lang='lat' dir='ltr'><strong>praestantes</strong></span> <span class='ocrx_word' id='word_1_203' title='bbox 958 1978 1094 2054; x_wconf 87' lang='lat' dir='ltr'><strong>virtute,</strong></span> <span class='ocrx_word' id='word_1_204' title='bbox 1128 1977 1213 2041; x_wconf 90' lang='lat' dir='ltr'><strong>bene</strong></span> <span class='ocrx_word' id='word_1_205' title='bbox 1235 1977 1397 2041; x_wconf 74' lang='lat' dir='ltr'><strong>educatos</strong></span> <span class='ocrx_word' id='word_1_206' title='bbox 1421 1987 1454 2038; x_wconf 91' lang='lat' dir='ltr'><strong>et</strong></span> <span class='ocrx_word' id='word_1_207' title='bbox 1478 2027 1482 2059; x_wconf 43' lang='grc' dir='ltr'>ι</span> <span class='ocrx_word' id='word_1_208' title='bbox 1506 1978 1566 2041; x_wconf 92' lang='lat' dir='ltr'><strong>tuit</strong></span> <span class='ocrx_word' id='word_1_209' title='bbox 1589 1997 1661 2040; x_wconf 91' lang='lat' dir='ltr'><strong>eum</strong></span> <span class='ocrx_word' id='word_1_210' title='bbox 1684 1995 1761 2040; x_wconf 82' lang='lat' dir='ltr'><strong>esse</strong></span> <span class='ocrx_word' id='word_1_211' title='bbox 1784 1996 1896 2038; x_wconf 88' lang='lat' dir='ltr'><strong>semen</strong></span> <span class='ocrx_word' id='word_1_212' title='bbox 1910 1975 2065 2039; x_wconf 85' lang='lat' dir='ltr'><strong>Abrahae</strong></span> <span class='ocrx_word' id='word_1_213' title='bbox 2088 1986 2120 2039; x_wconf 91' lang='lat' dir='ltr'><strong>et</strong></span> <span class='ocrx_word' id='word_1_214' title='bbox 2137 1974 2288 2054; x_wconf 89' lang='lat' dir='ltr'><strong>Davidis,</strong></span> <span class='ocrx_word' id='word_1_215' title='bbox 2310 1990 2421 2041; x_wconf 91' lang='lat' dir='ltr'><strong>natum</strong></span> <span class='ocrx_word' id='word_1_216' title='bbox 2445 1995 2487 2040; x_wconf 87' lang='lat' dir='ltr'><strong>ex</strong></span> 
     </span>
     <span class='ocr_line' id='line_1_16' title="bbox 474 2058 2484 2147; baseline 0.001 -21"><span class='ocrx_word' id='word_1_217' title='bbox 474 2063 643 2126; x_wconf 87' lang='lat' dir='ltr'><strong>institutos</strong></span> <span class='ocrx_word' id='word_1_218' title='bbox 663 2063 710 2127; x_wconf 94' lang='lat' dir='ltr'><strong>ibi</strong></span> <span class='ocrx_word' id='word_1_219' title='bbox 732 2060 847 2126; x_wconf 84' lang='lat' dir='ltr'><strong>inisse.</strong></span> <span class='ocrx_word' id='word_1_220' title='bbox 892 2059 934 2125; x_wconf 87' lang='lat' dir='ltr'><strong>Et</strong></span> <span class='ocrx_word' id='word_1_221' title='bbox 955 2063 1012 2127; x_wconf 93' lang='lat' dir='ltr'><strong>ubi</strong></span> <span class='ocrx_word' id='word_1_222' title='bbox 1034 2075 1086 2127; x_wconf 88' lang='lat' dir='ltr'><strong>est</strong></span> <span class='ocrx_word' id='word_1_223' title='bbox 1108 2082 1190 2127; x_wconf 89' lang='lat' dir='ltr'><strong>vera</strong></span> <span class='ocrx_word' id='word_1_224' title='bbox 1210 2060 1377 2140; x_wconf 88' lang='lat' dir='ltr'><strong>Ecclesia,</strong></span> <span class='ocrx_word' id='word_1_225' title='bbox 1409 2061 1453 2124; x_wconf 89' lang='lat' dir='ltr'><strong>ibi</strong></span> <span class='ocrx_word' id='word_1_226' title='bbox 1478 2062 1482 2147; x_wconf 71' lang='lat' dir='ltr'><strong>i</strong></span> <span class='ocrx_word' id='word_1_227' title='bbox 1507 2061 1653 2126; x_wconf 91' lang='lat' dir='ltr'><strong>muliere.</strong></span> <span class='ocrx_word' id='word_1_228' title='bbox 1709 2059 1804 2126; x_wconf 88' lang='lat' dir='ltr'><strong>llunc</strong></span> <span class='ocrx_word' id='word_1_229' title='bbox 1826 2059 2000 2125; x_wconf 91' lang='lat' dir='ltr'><strong>articulum</strong></span> <span class='ocrx_word' id='word_1_230' title='bbox 2022 2058 2117 2126; x_wconf 87' lang='lat' dir='ltr'><strong>Deus</strong></span> <span class='ocrx_word' id='word_1_231' title='bbox 2150 2060 2221 2126; x_wconf 89' lang='lat' dir='ltr'><strong>vult</strong></span> <span class='ocrx_word' id='word_1_232' title='bbox 2252 2073 2366 2127; x_wconf 89' lang='lat' dir='ltr'><strong>notum</strong></span> <span class='ocrx_word' id='word_1_233' title='bbox 2397 2081 2484 2130; x_wconf 87' lang='lat' dir='ltr'><strong>esse.</strong></span> 
     </span>
     <span class='ocr_line' id='line_1_17' title="bbox 474 2144 2486 2235; baseline 0.001 -24"><span class='ocrx_word' id='word_1_234' title='bbox 474 2167 609 2232; x_wconf 88' lang='lat' dir='ltr'><strong>semper</strong></span> <span class='ocrx_word' id='word_1_235' title='bbox 634 2145 772 2213; x_wconf 90' lang='lat' dir='ltr'><strong>multum</strong></span> <span class='ocrx_word' id='word_1_236' title='bbox 797 2161 849 2212; x_wconf 91' lang='lat' dir='ltr'><strong>cst</strong></span> <span class='ocrx_word' id='word_1_237' title='bbox 876 2148 1059 2231; x_wconf 87' lang='lat' dir='ltr'><strong>sapientiae</strong></span> <span class='ocrx_word' id='word_1_238' title='bbox 1087 2157 1120 2212; x_wconf 91' lang='lat' dir='ltr'><strong>et</strong></span> <span class='ocrx_word' id='word_1_239' title='bbox 1142 2148 1345 2213; x_wconf 84' lang='lat' dir='ltr'><strong>eruditionis.</strong></span> <span class='ocrx_word' id='word_1_240' title='bbox 1389 2144 1454 2212; x_wconf 90' lang='lat' dir='ltr'><strong>Ec·</strong></span> <span class='ocrx_word' id='word_1_241' title='bbox 1479 2159 1482 2229; x_wconf 67' lang='lat' dir='ltr'><strong>t</strong></span> <span class='ocrx_word' id='word_1_242' title='bbox 1507 2146 1584 2212; x_wconf 91' lang='lat' dir='ltr'><strong>ldeo</strong></span> <span class='ocrx_word' id='word_1_243' title='bbox 1601 2146 1655 2212; x_wconf 91' lang='lat' dir='ltr'><strong>bic</strong></span> <span class='ocrx_word' id='word_1_244' title='bbox 1673 2144 1870 2224; x_wconf 81' lang='lat' dir='ltr'><strong>illustratur,</strong></span> <span class='ocrx_word' id='word_1_245' title='bbox 1892 2157 1925 2209; x_wconf 89' lang='lat' dir='ltr'><strong>et</strong></span> <span class='ocrx_word' id='word_1_246' title='bbox 1942 2148 2486 2235; x_wconf 85' lang='lat' dir='ltr'><strong>proponiturtestimonium,quod</strong></span> 
     </span>
     <span class='ocr_line' id='line_1_18' title="bbox 474 2230 2367 2355; baseline 0.001 -57"><span class='ocrx_word' id='word_1_247' title='bbox 474 2230 578 2298; x_wconf 86' lang='lat' dir='ltr'><strong>clesia</strong></span> <span class='ocrx_word' id='word_1_248' title='bbox 595 2254 662 2296; x_wconf 92' lang='lat' dir='ltr'><strong>non</strong></span> <span class='ocrx_word' id='word_1_249' title='bbox 686 2233 832 2299; x_wconf 84' lang='lat' dir='ltr'><strong>estsine</strong></span> <span class='ocrx_word' id='word_1_250' title='bbox 855 2234 1048 2299; x_wconf 82' lang='lat' dir='ltr'><strong>eruditione.</strong></span> <span class='ocrx_word' id='word_1_251' title='bbox 1092 2234 1271 2298; x_wconf 89' lang='lat' dir='ltr'><strong>Praeterea</strong></span> <span class='ocrx_word' id='word_1_252' title='bbox 1298 2234 1454 2318; x_wconf 81' lang='lat' dir='ltr'><strong>cogitate,</strong></span> <span class='ocrx_word' id='word_1_253' title='bbox 1479 2232 1483 2355; x_wconf 58' lang='grc' dir='ltr'>Ι</span> <span class='ocrx_word' id='word_1_254' title='bbox 1506 2230 1562 2298; x_wconf 91' lang='lat' dir='ltr'><strong>ille</strong></span> <span class='ocrx_word' id='word_1_255' title='bbox 1585 2235 1647 2299; x_wconf 71' lang='lat' dir='ltr'><strong>iam</strong></span> <span class='ocrx_word' id='word_1_256' title='bbox 1671 2246 1853 2318; x_wconf 77' lang='lat' dir='ltr'><strong>coruceptus</strong></span> <span class='ocrx_word' id='word_1_257' title='bbox 1876 2232 1930 2312; x_wconf 83' lang='lat' dir='ltr'><strong>sit,</strong></span> <span class='ocrx_word' id='word_1_258' title='bbox 1952 2236 2014 2298; x_wconf 81' lang='lat' dir='ltr'><strong>dea</strong></span> <span class='ocrx_word' id='word_1_259' title='bbox 2035 2253 2072 2297; x_wconf 88' lang='lat' dir='ltr'><strong>er</strong></span> <span class='ocrx_word' id='word_1_260' title='bbox 2090 2237 2280 2316; x_wconf 76' lang='lat' dir='ltr'><strong>fdrdanden</strong></span> <span class='ocrx_word' id='word_1_261' title='bbox 2300 2254 2367 2320; x_wconf 76' lang='lat' dir='ltr'><strong>rep.</strong></span> 
     </span>
     <span class='ocr_line' id='line_1_19' title="bbox 475 2317 1184 2406; baseline -0.006 -21"><span class='ocrx_word' id='word_1_262' title='bbox 475 2320 566 2406; x_wconf 88' lang='lat' dir='ltr'><strong>quod</strong></span> <span class='ocrx_word' id='word_1_263' title='bbox 588 2320 730 2404; x_wconf 86' lang='lat' dir='ltr'><strong>Spiritus</strong></span> <span class='ocrx_word' id='word_1_264' title='bbox 752 2331 891 2385; x_wconf 91' lang='lat' dir='ltr'><strong>sanctus</strong></span> <span class='ocrx_word' id='word_1_265' title='bbox 912 2320 946 2383; x_wconf 92' lang='lat' dir='ltr'><strong>in</strong></span> <span class='ocrx_word' id='word_1_266' title='bbox 968 2317 1064 2385; x_wconf 90' lang='lat' dir='ltr'><strong>eale</strong></span> <span class='ocrx_word' id='word_1_267' title='bbox 1090 2320 1184 2384; x_wconf 91' lang='lat' dir='ltr'><strong>uitur.</strong></span> 
     </span>
    </p>

    <p class='ocr_par' dir='ltr' id='par_1_3' title="bbox 469 2342 2489 4190">
     <span class='ocr_line' id='line_1_20' title="bbox 560 2342 2485 2482; baseline 0 -12"><span class='ocrx_word' id='word_1_268' title='bbox 560 2404 732 2470; x_wconf 82' lang='lat' dir='ltr'><strong>Pharisaei</strong></span> <span class='ocrx_word' id='word_1_269' title='bbox 754 2407 1018 2471; x_wconf 88' lang='lat' dir='ltr'><strong>dominabantur.</strong></span> <span class='ocrx_word' id='word_1_270' title='bbox 1061 2342 1212 2470; x_wconf 87' lang='lat' dir='ltr'><strong>llerodes</strong></span> <span class='ocrx_word' id='word_1_271' title='bbox 1234 2403 1454 2470; x_wconf 85' lang='lat' dir='ltr'><strong>latrocinaba-</strong></span> <span class='ocrx_word' id='word_1_272' title='bbox 1594 2404 1718 2468; x_wconf 76' lang='lat' dir='ltr'><strong>Addita</strong></span> <span class='ocrx_word' id='word_1_273' title='bbox 1739 2415 1815 2468; x_wconf 89' lang='lat' dir='ltr'><strong>sunt</strong></span> <span class='ocrx_word' id='word_1_274' title='bbox 1838 2417 1950 2468; x_wconf 90' lang='lat' dir='ltr'><strong>autern</strong></span> <span class='ocrx_word' id='word_1_275' title='bbox 1971 2403 2148 2482; x_wconf 88' lang='lat' dir='ltr'><strong>miracula,</strong></span> <span class='ocrx_word' id='word_1_276' title='bbox 2200 2424 2262 2469; x_wconf 89' lang='lat' dir='ltr'><strong>uae</strong></span> <span class='ocrx_word' id='word_1_277' title='bbox 2291 2417 2370 2470; x_wconf 91' lang='lat' dir='ltr'><strong>sunt</strong></span> <span class='ocrx_word' id='word_1_278' title='bbox 2395 2404 2485 2470; x_wconf 83' lang='lat' dir='ltr'><strong>testi·</strong></span> 
     </span>
     <span class='ocr_line' id='line_1_21' title="bbox 473 2425 2486 2575; baseline 0 -19"><span class='ocrx_word' id='word_1_279' title='bbox 473 2502 540 2570; x_wconf 89' lang='lat' dir='ltr'><strong>tur,</strong></span> <span class='ocrx_word' id='word_1_280' title='bbox 574 2487 702 2556; x_wconf 82' lang='lat' dir='ltr'><strong>lecerat</strong></span> <span class='ocrx_word' id='word_1_281' title='bbox 730 2491 922 2569; x_wconf 85' lang='lat' dir='ltr'><strong>vastitates,</strong></span> <span class='ocrx_word' id='word_1_282' title='bbox 956 2489 1170 2557; x_wconf 82' lang='lat' dir='ltr'><strong>interfecerat</strong></span> <span class='ocrx_word' id='word_1_283' title='bbox 1197 2492 1240 2555; x_wconf 91' lang='grc'><strong>70</strong></span> <span class='ocrx_word' id='word_1_284' title='bbox 1268 2510 1388 2569; x_wconf 90' lang='lat' dir='ltr'><strong>senes,</strong></span> <span class='ocrx_word' id='word_1_285' title='bbox 1421 2500 1455 2554; x_wconf 88' lang='lat' dir='ltr'><strong>et</strong></span> <span class='ocrx_word' id='word_1_286' title='bbox 1508 2492 1628 2554; x_wconf 84' lang='lat' dir='ltr'><strong>monia.</strong></span> <span class='ocrx_word' id='word_1_287' title='bbox 1668 2487 1729 2552; x_wconf 90' lang='lat' dir='ltr'><strong>illu</strong></span> <span class='ocrx_word' id='word_1_288' title='bbox 1751 2488 1872 2554; x_wconf 85' lang='lat' dir='ltr'><strong>effoeta</strong></span> <span class='ocrx_word' id='word_1_289' title='bbox 1893 2509 1977 2554; x_wconf 88' lang='lat' dir='ltr'><strong>anus</strong></span> <span class='ocrx_word' id='word_1_290' title='bbox 2002 2503 2055 2554; x_wconf 86' lang='lat' dir='ltr'><strong>est</strong></span> <span class='ocrx_word' id='word_1_291' title='bbox 2076 2425 2232 2575; x_wconf 58' lang='lat' dir='ltr'><strong>gravida:</strong></span> <span class='ocrx_word' id='word_1_292' title='bbox 2265 2493 2298 2556; x_wconf 91' lang='lat' dir='ltr'><strong>id</strong></span> <span class='ocrx_word' id='word_1_293' title='bbox 2320 2488 2486 2557; x_wconf 85' lang='lat' dir='ltr'><strong>Diabolus</strong></span> 
     </span>
     <span class='ocr_line' id='line_1_22' title="bbox 473 2571 2487 2723; baseline -0.001 -81"><span class='ocrx_word' id='word_1_294' title='bbox 473 2574 597 2642; x_wconf 89' lang='lat' dir='ltr'><strong>multos</strong></span> <span class='ocrx_word' id='word_1_295' title='bbox 611 2574 707 2655; x_wconf 90' lang='lat' dir='ltr'><strong>alios,</strong></span> <span class='ocrx_word' id='word_1_296' title='bbox 726 2579 780 2661; x_wconf 89' lang='lat' dir='ltr'><strong>qni</strong></span> <span class='ocrx_word' id='word_1_297' title='bbox 795 2596 834 2641; x_wconf 85' lang='lat' dir='ltr'><strong>se</strong></span> <span class='ocrx_word' id='word_1_298' title='bbox 847 2597 890 2661; x_wconf 94' lang='lat' dir='ltr'><strong>op</strong></span> <span class='ocrx_word' id='word_1_299' title='bbox 915 2590 1084 2655; x_wconf 85' lang='lat' dir='ltr'><strong>osuerant,</strong></span> <span class='ocrx_word' id='word_1_300' title='bbox 1107 2574 1238 2642; x_wconf 87' lang='lat' dir='ltr'><strong>sustulit</strong></span> <span class='ocrx_word' id='word_1_301' title='bbox 1255 2588 1358 2641; x_wconf 87' lang='lat' dir='ltr'><strong>totum</strong></span> <span class='ocrx_word' id='word_1_302' title='bbox 1376 2596 1455 2662; x_wconf 87' lang='lat' dir='ltr'><strong>syn·</strong></span> <span class='ocrx_word' id='word_1_303' title='bbox 1508 2597 1575 2641; x_wconf 92' lang='lat' dir='ltr'><strong>non</strong></span> <span class='ocrx_word' id='word_1_304' title='bbox 1597 2586 1706 2723; x_wconf 89' lang='lat' dir='ltr'><strong>potest</strong></span> <span class='ocrx_word' id='word_1_305' title='bbox 1728 2571 1872 2641; x_wconf 89' lang='lat' dir='ltr'><strong>etlicere.</strong></span> <span class='ocrx_word' id='word_1_306' title='bbox 1911 2577 2020 2643; x_wconf 88' lang='lat' dir='ltr'><strong>Senex</strong></span> <span class='ocrx_word' id='word_1_307' title='bbox 2043 2577 2216 2654; x_wconf 88' lang='lat' dir='ltr'><strong>obmutuit,</strong></span> <span class='ocrx_word' id='word_1_308' title='bbox 2236 2577 2362 2642; x_wconf 85' lang='lat' dir='ltr'><strong>audivit</strong></span> <span class='ocrx_word' id='word_1_309' title='bbox 2383 2596 2487 2664; x_wconf 85' lang='lat' dir='ltr'><strong>enge·</strong></span> 
     </span>
     <span class='ocr_line' id='line_1_23' title="bbox 474 2600 2487 2750; baseline -0 -22"><span class='ocrx_word' id='word_1_310' title='bbox 474 2663 611 2728; x_wconf 89' lang='lat' dir='ltr'><strong>edrium.</strong></span> <span class='ocrx_word' id='word_1_311' title='bbox 666 2660 715 2725; x_wconf 88' lang='lat' dir='ltr'><strong>Ea</strong></span> <span class='ocrx_word' id='word_1_312' title='bbox 738 2685 792 2725; x_wconf 82' lang='lat' dir='ltr'><strong>res</strong></span> <span class='ocrx_word' id='word_1_313' title='bbox 825 2600 1085 2750; x_wconf 77' lang='lat' dir='ltr'><strong>intelligentibus</strong></span> <span class='ocrx_word' id='word_1_314' title='bbox 1107 2664 1281 2728; x_wconf 90' lang='lat' dir='ltr'><strong>maximum</strong></span> <span class='ocrx_word' id='word_1_315' title='bbox 1304 2661 1455 2727; x_wconf 87' lang='lat' dir='ltr'><strong>dolorem</strong></span> <span class='ocrx_word' id='word_1_316' title='bbox 1507 2658 1576 2726; x_wconf 90' lang='lat' dir='ltr'><strong>lum</strong></span> <span class='ocrx_word' id='word_1_317' title='bbox 1611 2673 1804 2747; x_wconf 88' lang='lat' dir='ltr'><strong>oquentem:</strong></span> <span class='ocrx_word' id='word_1_318' title='bbox 1837 2660 1944 2727; x_wconf 82' lang='lat' dir='ltr'><strong>diaria</strong></span> <span class='ocrx_word' id='word_1_319' title='bbox 1965 2662 2094 2727; x_wconf 89' lang='lat' dir='ltr'><strong>sciebat</strong></span> <span class='ocrx_word' id='word_1_320' title='bbox 2116 2682 2155 2726; x_wconf 92' lang='lat' dir='ltr'><strong>se</strong></span> <span class='ocrx_word' id='word_1_321' title='bbox 2177 2663 2349 2749; x_wconf 87' lang='lat' dir='ltr'><strong>gravidam</strong></span> <span class='ocrx_word' id='word_1_322' title='bbox 2368 2682 2444 2727; x_wconf 90' lang='lat' dir='ltr'><strong>esse</strong></span> <span class='ocrx_word' id='word_1_323' title='bbox 2464 2682 2487 2727; x_wconf 88' lang='lat' dir='ltr'><strong>a</strong></span> 
     </span>
     <span class='ocr_line' id='line_1_24' title="bbox 473 2745 2488 2834; baseline 0 -21"><span class='ocrx_word' id='word_1_324' title='bbox 473 2745 591 2813; x_wconf 88' lang='lat' dir='ltr'><strong>attulit.</strong></span> <span class='ocrx_word' id='word_1_325' title='bbox 637 2746 726 2812; x_wconf 90' lang='lat' dir='ltr'><strong>Nihil</strong></span> <span class='ocrx_word' id='word_1_326' title='bbox 748 2750 848 2834; x_wconf 89' lang='lat' dir='ltr'><strong>igitur</strong></span> <span class='ocrx_word' id='word_1_327' title='bbox 870 2749 1021 2813; x_wconf 86' lang='lat' dir='ltr'><strong>miserius</strong></span> <span class='ocrx_word' id='word_1_328' title='bbox 1045 2760 1097 2813; x_wconf 88' lang='lat' dir='ltr'><strong>est</strong></span> <span class='ocrx_word' id='word_1_329' title='bbox 1119 2745 1177 2813; x_wconf 92' lang='lat' dir='ltr'><strong>illo</strong></span> <span class='ocrx_word' id='word_1_330' title='bbox 1194 2761 1304 2826; x_wconf 91' lang='lat' dir='ltr'><strong>coetu,</strong></span> <span class='ocrx_word' id='word_1_331' title='bbox 1327 2751 1455 2834; x_wconf 87' lang='lat' dir='ltr'><strong>quivo-</strong></span> <span class='ocrx_word' id='word_1_332' title='bbox 1508 2747 1632 2832; x_wconf 88' lang='lat' dir='ltr'><strong>Spiritu</strong></span> <span class='ocrx_word' id='word_1_333' title='bbox 1661 2758 1796 2825; x_wconf 90' lang='lat' dir='ltr'><strong>sancto,</strong></span> <span class='ocrx_word' id='word_1_334' title='bbox 1830 2769 1896 2812; x_wconf 92' lang='lat' dir='ltr'><strong>non</strong></span> <span class='ocrx_word' id='word_1_335' title='bbox 1919 2749 1961 2812; x_wconf 90' lang='lat' dir='ltr'><strong>ab</strong></span> <span class='ocrx_word' id='word_1_336' title='bbox 1985 2745 2055 2813; x_wconf 91' lang='lat' dir='ltr'><strong>ullo</strong></span> <span class='ocrx_word' id='word_1_337' title='bbox 2079 2748 2163 2812; x_wconf 86' lang='lat' dir='ltr'><strong>viro.</strong></span> <span class='ocrx_word' id='word_1_338' title='bbox 2219 2746 2299 2813; x_wconf 90' lang='lat' dir='ltr'><strong>ltem</strong></span> <span class='ocrx_word' id='word_1_339' title='bbox 2327 2747 2488 2814; x_wconf 87' lang='lat' dir='ltr'><strong>hocerat</strong></span> 
     </span>
     <span class='ocr_line' id='line_1_25' title="bbox 474 2830 2486 2919; baseline 0 -20"><span class='ocrx_word' id='word_1_340' title='bbox 474 2846 571 2899; x_wconf 85' lang='lat' dir='ltr'><strong>catur</strong></span> <span class='ocrx_word' id='word_1_341' title='bbox 592 2831 758 2898; x_wconf 85' lang='lat' dir='ltr'><strong>Ecclesia.</strong></span> <span class='ocrx_word' id='word_1_342' title='bbox 808 2832 850 2896; x_wconf 88' lang='lat' dir='ltr'><strong>Et</strong></span> <span class='ocrx_word' id='word_1_343' title='bbox 873 2844 981 2899; x_wconf 78' lang='lat' dir='ltr'><strong>tamen</strong></span> <span class='ocrx_word' id='word_1_344' title='bbox 1010 2832 1105 2899; x_wconf 90' lang='lat' dir='ltr'><strong>Deus</strong></span> <span class='ocrx_word' id='word_1_345' title='bbox 1126 2835 1265 2919; x_wconf 84' lang='lat' dir='ltr'><strong>respicit</strong></span> <span class='ocrx_word' id='word_1_346' title='bbox 1286 2833 1373 2899; x_wconf 89' lang='lat' dir='ltr'><strong>banc</strong></span> <span class='ocrx_word' id='word_1_347' title='bbox 1395 2833 1455 2897; x_wconf 89' lang='lat' dir='ltr'><strong>hu·</strong></span> <span class='ocrx_word' id='word_1_348' title='bbox 1508 2831 1720 2910; x_wconf 89' lang='lat' dir='ltr'><strong>miraculum,</strong></span> <span class='ocrx_word' id='word_1_349' title='bbox 1754 2833 1844 2918; x_wconf 90' lang='lat' dir='ltr'><strong>quod</strong></span> <span class='ocrx_word' id='word_1_350' title='bbox 1872 2831 1988 2899; x_wconf 89' lang='lat' dir='ltr'><strong>mulier</strong></span> <span class='ocrx_word' id='word_1_351' title='bbox 2017 2830 2116 2917; x_wconf 89' lang='lat' dir='ltr'><strong>plena</strong></span> <span class='ocrx_word' id='word_1_352' title='bbox 2137 2833 2262 2918; x_wconf 88' lang='lat' dir='ltr'><strong>Spiritu</strong></span> <span class='ocrx_word' id='word_1_353' title='bbox 2290 2845 2409 2899; x_wconf 89' lang='lat' dir='ltr'><strong>sancto</strong></span> <span class='ocrx_word' id='word_1_354' title='bbox 2439 2847 2486 2899; x_wconf 84' lang='lat' dir='ltr'><strong>te·</strong></span> 
     </span>
     <span class='ocr_line' id='line_1_26' title="bbox 473 2916 2485 3004; baseline -0.001 -20"><span class='ocrx_word' id='word_1_355' title='bbox 473 2920 656 2998; x_wconf 89' lang='lat' dir='ltr'><strong>militatem,</strong></span> <span class='ocrx_word' id='word_1_356' title='bbox 677 2921 740 2984; x_wconf 92' lang='lat' dir='ltr'><strong>has</strong></span> <span class='ocrx_word' id='word_1_357' title='bbox 763 2921 927 2998; x_wconf 84' lang='lat' dir='ltr'><strong>miserias,</strong></span> <span class='ocrx_word' id='word_1_358' title='bbox 950 2921 1013 2986; x_wconf 89' lang='lat' dir='ltr'><strong>bas</strong></span> <span class='ocrx_word' id='word_1_359' title='bbox 1037 2917 1254 2986; x_wconf 88' lang='lat' dir='ltr'><strong>calamitates.</strong></span> <span class='ocrx_word' id='word_1_360' title='bbox 1288 2919 1335 2985; x_wconf 84' lang='lat' dir='ltr'><strong>lta</strong></span> <span class='ocrx_word' id='word_1_361' title='bbox 1358 2940 1456 2985; x_wconf 90' lang='lat' dir='ltr'><strong>voca·</strong></span> <span class='ocrx_word' id='word_1_362' title='bbox 1508 2931 1615 2983; x_wconf 89' lang='lat' dir='ltr'><strong>statur</strong></span> <span class='ocrx_word' id='word_1_363' title='bbox 1636 2918 1725 2987; x_wconf 88' lang='lat' dir='ltr'><strong>hanc</strong></span> <span class='ocrx_word' id='word_1_364' title='bbox 1746 2916 1889 3003; x_wconf 88' lang='lat' dir='ltr'><strong>puellam</strong></span> <span class='ocrx_word' id='word_1_365' title='bbox 1904 2940 1982 2984; x_wconf 90' lang='lat' dir='ltr'><strong>esse</strong></span> <span class='ocrx_word' id='word_1_366' title='bbox 1995 2920 2165 3004; x_wconf 86' lang='lat' dir='ltr'><strong>gravidam</strong></span> <span class='ocrx_word' id='word_1_367' title='bbox 2183 2918 2340 3004; x_wconf 88' lang='lat' dir='ltr'><strong>aSpiritu</strong></span> <span class='ocrx_word' id='word_1_368' title='bbox 2350 2932 2485 2985; x_wconf 69' lang='lat' dir='ltr'><strong>sanctor</strong></span> 
     </span>
     <span class='ocr_line' id='line_1_27' title="bbox 473 3002 2487 3085; baseline -0.001 -14"><span class='ocrx_word' id='word_1_369' title='bbox 473 3003 554 3071; x_wconf 91' lang='lat' dir='ltr'><strong>bula</strong></span> <span class='ocrx_word' id='word_1_370' title='bbox 575 3007 639 3070; x_wconf 80' lang='lat' dir='ltr'><strong>istu</strong></span> <span class='ocrx_word' id='word_1_371' title='bbox 660 3019 751 3069; x_wconf 90' lang='lat' dir='ltr'><strong>recte</strong></span> <span class='ocrx_word' id='word_1_372' title='bbox 772 3002 939 3070; x_wconf 87' lang='lat' dir='ltr'><strong>intellecta</strong></span> <span class='ocrx_word' id='word_1_373' title='bbox 960 3027 1023 3071; x_wconf 91' lang='lat' dir='ltr'><strong>nos</strong></span> <span class='ocrx_word' id='word_1_374' title='bbox 1046 3018 1198 3085; x_wconf 91' lang='lat' dir='ltr'><strong>monent,</strong></span> <span class='ocrx_word' id='word_1_375' title='bbox 1255 3007 1320 3070; x_wconf 91' lang='lat' dir='ltr'><strong>uod</strong></span> <span class='ocrx_word' id='word_1_376' title='bbox 1338 3004 1455 3069; x_wconf 90' lang='lat' dir='ltr'><strong>Eccle·</strong></span> <span class='ocrx_word' id='word_1_377' title='bbox 1507 3004 1588 3070; x_wconf 90' lang='lat' dir='ltr'><strong>ltem</strong></span> <span class='ocrx_word' id='word_1_378' title='bbox 1610 3003 1773 3070; x_wconf 88' lang='lat' dir='ltr'><strong>lohannes</strong></span> <span class='ocrx_word' id='word_1_379' title='bbox 1796 3002 1977 3070; x_wconf 87' lang='lat' dir='ltr'><strong>inlantulus</strong></span> <span class='ocrx_word' id='word_1_380' title='bbox 2000 3005 2057 3069; x_wconf 88' lang='lat' dir='ltr'><strong>dat</strong></span> <span class='ocrx_word' id='word_1_381' title='bbox 2078 3006 2296 3071; x_wconf 87' lang='lat' dir='ltr'><strong>testimonium</strong></span> <span class='ocrx_word' id='word_1_382' title='bbox 2318 3006 2352 3069; x_wconf 93' lang='lat' dir='ltr'><strong>in</strong></span> <span class='ocrx_word' id='word_1_383' title='bbox 2374 3018 2487 3070; x_wconf 68' lang='lat' dir='ltr'><strong>uteros</strong></span> 
     </span>
     <span class='ocr_line' id='line_1_28' title="bbox 472 3028 2487 3177; baseline 0.002 -22"><span class='ocrx_word' id='word_1_384' title='bbox 472 3091 524 3157; x_wconf 88' lang='lat' dir='ltr'><strong>sia</strong></span> <span class='ocrx_word' id='word_1_385' title='bbox 547 3092 590 3156; x_wconf 92' lang='lat' dir='ltr'><strong>sit</strong></span> <span class='ocrx_word' id='word_1_386' title='bbox 604 3093 638 3156; x_wconf 93' lang='lat' dir='ltr'><strong>in</strong></span> <span class='ocrx_word' id='word_1_387' title='bbox 654 3088 775 3156; x_wconf 89' lang='lat' dir='ltr'><strong>talibus</strong></span> <span class='ocrx_word' id='word_1_388' title='bbox 792 3089 1047 3170; x_wconf 82' lang='lat' dir='ltr'><strong>calamitatibus,</strong></span> <span class='ocrx_word' id='word_1_389' title='bbox 1070 3092 1146 3155; x_wconf 91' lang='lat' dir='ltr'><strong>item</strong></span> <span class='ocrx_word' id='word_1_390' title='bbox 1160 3028 1253 3177; x_wconf 54' lang='lat' dir='ltr'><strong>quod</strong></span> <span class='ocrx_word' id='word_1_391' title='bbox 1268 3089 1456 3156; x_wconf 87' lang='lat' dir='ltr'><strong>velitDeus</strong></span> <span class='ocrx_word' id='word_1_392' title='bbox 1507 3089 1618 3155; x_wconf 86' lang='lat' dir='ltr'><strong>Mater</strong></span> <span class='ocrx_word' id='word_1_393' title='bbox 1651 3092 1818 3156; x_wconf 89' lang='lat' dir='ltr'><strong>sentiebat</strong></span> <span class='ocrx_word' id='word_1_394' title='bbox 1856 3103 1978 3155; x_wconf 90' lang='lat' dir='ltr'><strong>motum</strong></span> <span class='ocrx_word' id='word_1_395' title='bbox 2010 3089 2145 3156; x_wconf 84' lang='lat' dir='ltr'><strong>infantis</strong></span> <span class='ocrx_word' id='word_1_396' title='bbox 2177 3092 2210 3154; x_wconf 91' lang='lat' dir='ltr'><strong>iu</strong></span> <span class='ocrx_word' id='word_1_397' title='bbox 2243 3103 2355 3155; x_wconf 85' lang='lat' dir='ltr'><strong>utero:</strong></span> <span class='ocrx_word' id='word_1_398' title='bbox 2397 3091 2487 3176; x_wconf 76' lang='lat' dir='ltr'><strong>quie.</strong></span> 
     </span>
     <span class='ocr_line' id='line_1_29' title="bbox 472 3172 2487 3263; baseline -0.001 -21"><span class='ocrx_word' id='word_1_399' title='bbox 472 3196 610 3243; x_wconf 86' lang='lat' dir='ltr'><strong>servare</strong></span> <span class='ocrx_word' id='word_1_400' title='bbox 632 3175 839 3256; x_wconf 84' lang='lat' dir='ltr'><strong>Ecclesiam,</strong></span> <span class='ocrx_word' id='word_1_401' title='bbox 867 3188 903 3242; x_wconf 87' lang='lat' dir='ltr'><strong>ut</strong></span> <span class='ocrx_word' id='word_1_402' title='bbox 931 3177 1036 3263; x_wconf 86' lang='lat' dir='ltr'><strong>inquit</strong></span> <span class='ocrx_word' id='word_1_403' title='bbox 1058 3176 1260 3242; x_wconf 81' lang='lat' dir='ltr'><strong>Hieremias:</strong></span> <span class='ocrx_word' id='word_1_404' title='bbox 1289 3180 1376 3244; x_wconf 70' lang='lat' dir='ltr'><strong>Dedi</strong></span> <span class='ocrx_word' id='word_1_405' title='bbox 1405 3179 1455 3242; x_wconf 82' lang='lat' dir='ltr'><strong>di·</strong></span> <span class='ocrx_word' id='word_1_406' title='bbox 1508 3178 1640 3262; x_wconf 90' lang='lat' dir='ltr'><strong>quando</strong></span> <span class='ocrx_word' id='word_1_407' title='bbox 1662 3177 1782 3241; x_wconf 81' lang='lat' dir='ltr'><strong>matrix</strong></span> <span class='ocrx_word' id='word_1_408' title='bbox 1802 3172 1955 3256; x_wconf 86' lang='lat' dir='ltr'><strong>afficitur,</strong></span> <span class='ocrx_word' id='word_1_409' title='bbox 1977 3188 2083 3243; x_wconf 89' lang='lat' dir='ltr'><strong>totum</strong></span> <span class='ocrx_word' id='word_1_410' title='bbox 2097 3196 2216 3261; x_wconf 85' lang='lat' dir='ltr'><strong>corpus</strong></span> <span class='ocrx_word' id='word_1_411' title='bbox 2231 3173 2387 3240; x_wconf 85' lang='lat' dir='ltr'><strong>afficitur.</strong></span> <span class='ocrx_word' id='word_1_412' title='bbox 2414 3174 2487 3239; x_wconf 82' lang='lat' dir='ltr'><strong>tto-</strong></span> 
     </span>
     <span class='ocr_line' id='line_1_30' title="bbox 471 3259 2487 3349; baseline -0.003 -18"><span class='ocrx_word' id='word_1_413' title='bbox 471 3268 585 3331; x_wconf 83' lang='lat' dir='ltr'><strong>lectom</strong></span> <span class='ocrx_word' id='word_1_414' title='bbox 607 3270 744 3330; x_wconf 70' lang='lat' dir='ltr'><strong>annnam</strong></span> <span class='ocrx_word' id='word_1_415' title='bbox 765 3272 800 3330; x_wconf 82' lang='lat' dir='ltr'><strong>tn</strong></span> <span class='ocrx_word' id='word_1_416' title='bbox 820 3267 960 3331; x_wconf 73' lang='lat' dir='ltr'><strong>meditem</strong></span> <span class='ocrx_word' id='word_1_417' title='bbox 982 3270 1186 3330; x_wconf 62' lang='lat' dir='ltr'><strong>wmicorum</strong></span> <span class='ocrx_word' id='word_1_418' title='bbox 1207 3270 1289 3329; x_wconf 77' lang='lat' dir='ltr'><strong>eiua.</strong></span> <span class='ocrx_word' id='word_1_419' title='bbox 1344 3259 1455 3328; x_wconf 90' lang='lat' dir='ltr'><strong>Valde</strong></span> <span class='ocrx_word' id='word_1_420' title='bbox 1507 3274 1561 3326; x_wconf 89' lang='lat' dir='ltr'><strong>tus</strong></span> <span class='ocrx_word' id='word_1_421' title='bbox 1585 3260 1695 3327; x_wconf 81' lang='lat' dir='ltr'><strong>foetus</strong></span> <span class='ocrx_word' id='word_1_422' title='bbox 1723 3264 1756 3326; x_wconf 94' lang='lat' dir='ltr'><strong>in</strong></span> <span class='ocrx_word' id='word_1_423' title='bbox 1785 3277 1882 3328; x_wconf 91' lang='lat' dir='ltr'><strong>utero</strong></span> <span class='ocrx_word' id='word_1_424' title='bbox 1911 3276 1990 3329; x_wconf 89' lang='lat' dir='ltr'><strong>suut</strong></span> <span class='ocrx_word' id='word_1_425' title='bbox 2015 3259 2114 3327; x_wconf 84' lang='lat' dir='ltr'><strong>valde</strong></span> <span class='ocrx_word' id='word_1_426' title='bbox 2134 3263 2254 3349; x_wconf 89' lang='lat' dir='ltr'><strong>magni,</strong></span> <span class='ocrx_word' id='word_1_427' title='bbox 2286 3262 2360 3326; x_wconf 87' lang='lat' dir='ltr'><strong>sive</strong></span> <span class='ocrx_word' id='word_1_428' title='bbox 2391 3261 2487 3340; x_wconf 91' lang='lat' dir='ltr'><strong>boui,</strong></span> 
     </span>
     <span class='ocr_line' id='line_1_31' title="bbox 471 3344 2489 3437; baseline -0.001 -24"><span class='ocrx_word' id='word_1_429' title='bbox 471 3348 641 3435; x_wconf 85' lang='lat' dir='ltr'><strong>pathetice</strong></span> <span class='ocrx_word' id='word_1_430' title='bbox 661 3348 728 3414; x_wconf 90' lang='lat' dir='ltr'><strong>hcc</strong></span> <span class='ocrx_word' id='word_1_431' title='bbox 751 3352 874 3414; x_wconf 88' lang='lat' dir='ltr'><strong>dietum</strong></span> <span class='ocrx_word' id='word_1_432' title='bbox 893 3360 957 3426; x_wconf 91' lang='lat' dir='ltr'><strong>est,</strong></span> <span class='ocrx_word' id='word_1_433' title='bbox 980 3370 1054 3414; x_wconf 88' lang='lat' dir='ltr'><strong>curn</strong></span> <span class='ocrx_word' id='word_1_434' title='bbox 1077 3350 1167 3428; x_wconf 90' lang='lat' dir='ltr'><strong>dicit,</strong></span> <span class='ocrx_word' id='word_1_435' title='bbox 1189 3369 1228 3413; x_wconf 93' lang='lat' dir='ltr'><strong>se</strong></span> <span class='ocrx_word' id='word_1_436' title='bbox 1243 3346 1381 3434; x_wconf 87' lang='lat' dir='ltr'><strong>diligere</strong></span> <span class='ocrx_word' id='word_1_437' title='bbox 1389 3346 1455 3414; x_wconf 92' lang='lat' dir='ltr'><strong>Ec·</strong></span> <span class='ocrx_word' id='word_1_438' title='bbox 1508 3349 1579 3413; x_wconf 89' lang='lat' dir='ltr'><strong>sive</strong></span> <span class='ocrx_word' id='word_1_439' title='bbox 1602 3344 1690 3414; x_wconf 91' lang='lat' dir='ltr'><strong>mali.</strong></span> <span class='ocrx_word' id='word_1_440' title='bbox 1745 3344 1829 3414; x_wconf 84' lang='lat' dir='ltr'><strong>Cum</strong></span> <span class='ocrx_word' id='word_1_441' title='bbox 1857 3346 1974 3414; x_wconf 91' lang='lat' dir='ltr'><strong>mulier</strong></span> <span class='ocrx_word' id='word_1_442' title='bbox 1995 3349 2133 3437; x_wconf 87' lang='lat' dir='ltr'><strong>gravida</strong></span> <span class='ocrx_word' id='word_1_443' title='bbox 2154 3359 2209 3413; x_wconf 88' lang='lat' dir='ltr'><strong>est</strong></span> <span class='ocrx_word' id='word_1_444' title='bbox 2234 3348 2269 3412; x_wconf 88' lang='lat' dir='ltr'><strong>ln</strong></span> <span class='ocrx_word' id='word_1_445' title='bbox 2290 3358 2489 3413; x_wconf 88' lang='lat' dir='ltr'><strong>consterna·</strong></span> 
     </span>
     <span class='ocr_line' id='line_1_32' title="bbox 473 3429 2489 3519; baseline -0.001 -20"><span class='ocrx_word' id='word_1_446' title='bbox 473 3432 627 3512; x_wconf 78' lang='lat' dir='ltr'><strong>alesiam,</strong></span> <span class='ocrx_word' id='word_1_447' title='bbox 661 3436 748 3498; x_wconf 90' lang='lat' dir='ltr'><strong>sicut</strong></span> <span class='ocrx_word' id='word_1_448' title='bbox 769 3436 909 3498; x_wconf 90' lang='lat' dir='ltr'><strong>animam</strong></span> <span class='ocrx_word' id='word_1_449' title='bbox 932 3454 1039 3498; x_wconf 87' lang='lat' dir='ltr'><strong>suam.</strong></span> <span class='ocrx_word' id='word_1_450' title='bbox 1093 3434 1143 3498; x_wconf 85' lang='lat' dir='ltr'><strong>lta</strong></span> <span class='ocrx_word' id='word_1_451' title='bbox 1165 3431 1331 3519; x_wconf 90' lang='lat' dir='ltr'><strong>loquimur</strong></span> <span class='ocrx_word' id='word_1_452' title='bbox 1353 3436 1395 3498; x_wconf 91' lang='lat' dir='ltr'><strong>de</strong></span> <span class='ocrx_word' id='word_1_453' title='bbox 1417 3456 1454 3499; x_wconf 95' lang='lat' dir='ltr'><strong>re</strong></span> <span class='ocrx_word' id='word_1_454' title='bbox 1507 3435 1614 3512; x_wconf 90' lang='lat' dir='ltr'><strong>tione,</strong></span> <span class='ocrx_word' id='word_1_455' title='bbox 1647 3435 1748 3499; x_wconf 88' lang='lat' dir='ltr'><strong>sentit</strong></span> <span class='ocrx_word' id='word_1_456' title='bbox 1775 3437 1873 3499; x_wconf 89' lang='lat' dir='ltr'><strong>etiam</strong></span> <span class='ocrx_word' id='word_1_457' title='bbox 1902 3432 2035 3512; x_wconf 83' lang='lat' dir='ltr'><strong>foetus,</strong></span> <span class='ocrx_word' id='word_1_458' title='bbox 2068 3447 2101 3500; x_wconf 88' lang='lat' dir='ltr'><strong>et</strong></span> <span class='ocrx_word' id='word_1_459' title='bbox 2129 3431 2216 3499; x_wconf 88' lang='lat' dir='ltr'><strong>male</strong></span> <span class='ocrx_word' id='word_1_460' title='bbox 2248 3429 2402 3499; x_wconf 80' lang='lat' dir='ltr'><strong>afficitur.</strong></span> <span class='ocrx_word' id='word_1_461' title='bbox 2445 3430 2489 3497; x_wconf 87' lang='lat' dir='ltr'><strong>Et</strong></span> 
     </span>
     <span class='ocr_line' id='line_1_33' title="bbox 472 3516 2487 3605; baseline -0.001 -20"><span class='ocrx_word' id='word_1_462' title='bbox 472 3518 572 3585; x_wconf 85' lang='lat' dir='ltr'><strong>valde</strong></span> <span class='ocrx_word' id='word_1_463' title='bbox 594 3520 716 3597; x_wconf 90' lang='lat' dir='ltr'><strong>chara,</strong></span> <span class='ocrx_word' id='word_1_464' title='bbox 749 3521 803 3585; x_wconf 82' lang='lat' dir='ltr'><strong>die</strong></span> <span class='ocrx_word' id='word_1_465' title='bbox 824 3519 874 3584; x_wconf 78' lang='lat' dir='ltr'><strong>icit</strong></span> <span class='ocrx_word' id='word_1_466' title='bbox 894 3521 958 3585; x_wconf 82' lang='lat' dir='ltr'><strong>tied</strong></span> <span class='ocrx_word' id='word_1_467' title='bbox 978 3522 1041 3584; x_wconf 82' lang='lat' dir='ltr'><strong>dod</strong></span> <span class='ocrx_word' id='word_1_468' title='bbox 1062 3521 1114 3585; x_wconf 79' lang='lat' dir='ltr'><strong>ola</strong></span> <span class='ocrx_word' id='word_1_469' title='bbox 1134 3527 1219 3586; x_wconf 65' lang='lat' dir='ltr'><strong>mun</strong></span> <span class='ocrx_word' id='word_1_470' title='bbox 1240 3526 1334 3601; x_wconf 74' lang='lat' dir='ltr'><strong>ripen</strong></span> <span class='ocrx_word' id='word_1_471' title='bbox 1355 3522 1454 3600; x_wconf 83' lang='lat' dir='ltr'><strong>ledea,</strong></span> <span class='ocrx_word' id='word_1_472' title='bbox 1507 3532 1658 3598; x_wconf 88' lang='lat' dir='ltr'><strong>econtra,</strong></span> <span class='ocrx_word' id='word_1_473' title='bbox 1680 3521 1813 3605; x_wconf 89' lang='lat' dir='ltr'><strong>quando</strong></span> <span class='ocrx_word' id='word_1_474' title='bbox 1834 3517 1946 3586; x_wconf 78' lang='lat' dir='ltr'><strong>foetus</strong></span> <span class='ocrx_word' id='word_1_475' title='bbox 1967 3517 2056 3586; x_wconf 90' lang='lat' dir='ltr'><strong>male</strong></span> <span class='ocrx_word' id='word_1_476' title='bbox 2077 3516 2222 3586; x_wconf 85' lang='lat' dir='ltr'><strong>afficitur</strong></span> <span class='ocrx_word' id='word_1_477' title='bbox 2243 3521 2278 3584; x_wconf 92' lang='lat' dir='ltr'><strong>in</strong></span> <span class='ocrx_word' id='word_1_478' title='bbox 2299 3530 2408 3599; x_wconf 86' lang='lat' dir='ltr'><strong>utero,</strong></span> <span class='ocrx_word' id='word_1_479' title='bbox 2430 3537 2487 3584; x_wconf 91' lang='lat' dir='ltr'><strong>ne·</strong></span> 
     </span>
     <span class='ocr_line' id='line_1_34' title="bbox 471 3605 2487 3693; baseline -0.001 -21"><span class='ocrx_word' id='word_1_480' title='bbox 471 3614 557 3673; x_wconf 82' lang='lat' dir='ltr'><strong>mein</strong></span> <span class='ocrx_word' id='word_1_481' title='bbox 577 3607 669 3689; x_wconf 76' lang='lat' dir='ltr'><strong>er&#39;pen</strong></span> <span class='ocrx_word' id='word_1_482' title='bbox 690 3610 767 3684; x_wconf 75' lang='lat' dir='ltr'><strong>rael,</strong></span> <span class='ocrx_word' id='word_1_483' title='bbox 789 3606 873 3669; x_wconf 80' lang='lat' dir='ltr'><strong>mein</strong></span> <span class='ocrx_word' id='word_1_484' title='bbox 894 3612 988 3686; x_wconf 62' lang='lat' dir='ltr'><strong>apen</strong></span> <span class='ocrx_word' id='word_1_485' title='bbox 1008 3608 1109 3690; x_wconf 72' lang='lat' dir='ltr'><strong>aaa,</strong></span> <span class='ocrx_word' id='word_1_486' title='bbox 1130 3607 1185 3672; x_wconf 82' lang='lat' dir='ltr'><strong>dte</strong></span> <span class='ocrx_word' id='word_1_487' title='bbox 1197 3608 1260 3671; x_wconf 82' lang='lat' dir='ltr'><strong>dod</strong></span> <span class='ocrx_word' id='word_1_488' title='bbox 1276 3607 1329 3672; x_wconf 85' lang='lat' dir='ltr'><strong>icd</strong></span> <span class='ocrx_word' id='word_1_489' title='bbox 1344 3610 1455 3672; x_wconf 74' lang='lat' dir='ltr'><strong>tossen</strong></span> <span class='ocrx_word' id='word_1_490' title='bbox 1508 3625 1606 3671; x_wconf 85' lang='lat' dir='ltr'><strong>cesse</strong></span> <span class='ocrx_word' id='word_1_491' title='bbox 1634 3618 1685 3670; x_wconf 86' lang='lat' dir='ltr'><strong>est</strong></span> <span class='ocrx_word' id='word_1_492' title='bbox 1714 3605 1802 3671; x_wconf 88' lang='lat' dir='ltr'><strong>aifici</strong></span> <span class='ocrx_word' id='word_1_493' title='bbox 1831 3628 1891 3672; x_wconf 91' lang='lat' dir='ltr'><strong>cor</strong></span> <span class='ocrx_word' id='word_1_494' title='bbox 1917 3620 1950 3671; x_wconf 88' lang='lat' dir='ltr'><strong>et</strong></span> <span class='ocrx_word' id='word_1_495' title='bbox 1973 3609 2162 3685; x_wconf 83' lang='lat' dir='ltr'><strong>cerebrum3</strong></span> <span class='ocrx_word' id='word_1_496' title='bbox 2194 3607 2271 3693; x_wconf 88' lang='lat' dir='ltr'><strong>quia</strong></span> <span class='ocrx_word' id='word_1_497' title='bbox 2292 3616 2344 3671; x_wconf 83' lang='lat' dir='ltr'><strong>est</strong></span> <span class='ocrx_word' id='word_1_498' title='bbox 2364 3623 2487 3690; x_wconf 80' lang='lat' dir='ltr'><strong>magna</strong></span> 
     </span>
     <span class='ocr_line' id='line_1_35' title="bbox 472 3689 2485 3777; baseline -0.004 -17"><span class='ocrx_word' id='word_1_499' title='bbox 472 3701 576 3760; x_wconf 71' lang='lat' dir='ltr'><strong>wirte</strong></span> <span class='ocrx_word' id='word_1_500' title='bbox 595 3696 740 3770; x_wconf 67' lang='lat' dir='ltr'><strong>rnaben,</strong></span> <span class='ocrx_word' id='word_1_501' title='bbox 772 3697 950 3770; x_wconf 60' lang='lat' dir='ltr'><strong>mareoten,</strong></span> <span class='ocrx_word' id='word_1_502' title='bbox 982 3692 1068 3756; x_wconf 88' lang='lat' dir='ltr'><strong>inter</strong></span> <span class='ocrx_word' id='word_1_503' title='bbox 1101 3689 1189 3757; x_wconf 92' lang='lat' dir='ltr'><strong>bella</strong></span> <span class='ocrx_word' id='word_1_504' title='bbox 1217 3705 1250 3757; x_wconf 89' lang='lat' dir='ltr'><strong>et</strong></span> <span class='ocrx_word' id='word_1_505' title='bbox 1278 3690 1455 3757; x_wconf 87' lang='lat' dir='ltr'><strong>iatrocinia</strong></span> <span class='ocrx_word' id='word_1_506' title='bbox 1507 3693 1662 3777; x_wconf 80' lang='lat' dir='ltr'><strong>cognatio</strong></span> <span class='ocrx_word' id='word_1_507' title='bbox 1681 3702 1713 3756; x_wconf 91' lang='lat' dir='ltr'><strong>et</strong></span> <span class='ocrx_word' id='word_1_508' title='bbox 1733 3689 1879 3757; x_wconf 85' lang='lat' dir='ltr'><strong>affinitas</strong></span> <span class='ocrx_word' id='word_1_509' title='bbox 1901 3691 2045 3757; x_wconf 83' lang='lat' dir='ltr'><strong>matricis</strong></span> <span class='ocrx_word' id='word_1_510' title='bbox 2067 3713 2144 3758; x_wconf 90' lang='lat' dir='ltr'><strong>cum</strong></span> <span class='ocrx_word' id='word_1_511' title='bbox 2163 3692 2267 3757; x_wconf 89' lang='lat' dir='ltr'><strong>corde</strong></span> <span class='ocrx_word' id='word_1_512' title='bbox 2287 3701 2321 3757; x_wconf 91' lang='lat' dir='ltr'><strong>et</strong></span> <span class='ocrx_word' id='word_1_513' title='bbox 2333 3691 2485 3757; x_wconf 85' lang='lat' dir='ltr'><strong>cerebro.</strong></span> 
     </span>
     <span class='ocr_line' id='line_1_36' title="bbox 472 3772 2486 3865; baseline -0.002 -20"><span class='ocrx_word' id='word_1_514' title='bbox 472 3777 597 3857; x_wconf 89' lang='lat' dir='ltr'><strong>multa,</strong></span> <span class='ocrx_word' id='word_1_515' title='bbox 630 3785 714 3843; x_wconf 76' lang='lat' dir='ltr'><strong>mein</strong></span> <span class='ocrx_word' id='word_1_516' title='bbox 746 3779 845 3845; x_wconf 78' lang='lat' dir='ltr'><strong>liedes</strong></span> <span class='ocrx_word' id='word_1_517' title='bbox 872 3781 1049 3844; x_wconf 69' lang='lat' dir='ltr'><strong>lenientem</strong></span> <span class='ocrx_word' id='word_1_518' title='bbox 1079 3782 1142 3844; x_wconf 83' lang='lat' dir='ltr'><strong>dod</strong></span> <span class='ocrx_word' id='word_1_519' title='bbox 1175 3781 1226 3843; x_wconf 79' lang='lat' dir='ltr'><strong>iad</strong></span> <span class='ocrx_word' id='word_1_520' title='bbox 1253 3782 1365 3845; x_wconf 75' lang='lat' dir='ltr'><strong>laram</strong></span> <span class='ocrx_word' id='word_1_521' title='bbox 1397 3785 1457 3843; x_wconf 80' lang='lat' dir='ltr'><strong>mit</strong></span> <span class='ocrx_word' id='word_1_522' title='bbox 1507 3776 1605 3841; x_wconf 88' lang='lat' dir='ltr'><strong>Stetit</strong></span> <span class='ocrx_word' id='word_1_523' title='bbox 1632 3777 1678 3841; x_wconf 90' lang='lat' dir='ltr'><strong>ibi</strong></span> <span class='ocrx_word' id='word_1_524' title='bbox 1698 3778 1762 3841; x_wconf 92' lang='lat' dir='ltr'><strong>ista</strong></span> <span class='ocrx_word' id='word_1_525' title='bbox 1783 3787 1935 3843; x_wconf 87' lang='lat' dir='ltr'><strong>matrona</strong></span> <span class='ocrx_word' id='word_1_526' title='bbox 1956 3779 2111 3865; x_wconf 79' lang='lat' dir='ltr'><strong>gravida,</strong></span> <span class='ocrx_word' id='word_1_527' title='bbox 2137 3788 2172 3844; x_wconf 91' lang='lat' dir='ltr'><strong>et</strong></span> <span class='ocrx_word' id='word_1_528' title='bbox 2192 3778 2299 3844; x_wconf 81' lang='lat' dir='ltr'><strong>sensit</strong></span> <span class='ocrx_word' id='word_1_529' title='bbox 2326 3772 2486 3842; x_wconf 84' lang='lat' dir='ltr'><strong>laetitiam</strong></span> 
     </span>
     <span class='ocr_line' id='line_1_37' title="bbox 469 3859 2488 3950; baseline -0.002 -19"><span class='ocrx_word' id='word_1_530' title='bbox 469 3871 590 3950; x_wconf 75' lang='lat' dir='ltr'><strong>fitaren</strong></span> <span class='ocrx_word' id='word_1_531' title='bbox 611 3872 747 3931; x_wconf 83' lang='lat' dir='ltr'><strong>tretten:</strong></span> <span class='ocrx_word' id='word_1_532' title='bbox 768 3859 843 3928; x_wconf 89' lang='lat' dir='ltr'><strong>solo</strong></span> <span class='ocrx_word' id='word_1_533' title='bbox 866 3864 1013 3949; x_wconf 90' lang='lat' dir='ltr'><strong>aequari,</strong></span> <span class='ocrx_word' id='word_1_534' title='bbox 1036 3861 1148 3942; x_wconf 90' lang='lat' dir='ltr'><strong>deleri,</strong></span> <span class='ocrx_word' id='word_1_535' title='bbox 1172 3864 1291 3929; x_wconf 91' lang='lat' dir='ltr'><strong>abduci</strong></span> <span class='ocrx_word' id='word_1_536' title='bbox 1304 3865 1397 3930; x_wconf 86' lang='lat' dir='ltr'><strong>cives</strong></span> <span class='ocrx_word' id='word_1_537' title='bbox 1419 3864 1453 3928; x_wconf 94' lang='lat' dir='ltr'><strong>in</strong></span> <span class='ocrx_word' id='word_1_538' title='bbox 1506 3863 1732 3927; x_wconf 85' lang='lat' dir='ltr'><strong>admirandam</strong></span> <span class='ocrx_word' id='word_1_539' title='bbox 1761 3863 1794 3926; x_wconf 93' lang='lat' dir='ltr'><strong>in</strong></span> <span class='ocrx_word' id='word_1_540' title='bbox 1817 3874 1888 3928; x_wconf 89' lang='lat' dir='ltr'><strong>toto</strong></span> <span class='ocrx_word' id='word_1_541' title='bbox 1912 3884 2063 3949; x_wconf 89' lang='lat' dir='ltr'><strong>corpore.</strong></span> <span class='ocrx_word' id='word_1_542' title='bbox 2107 3863 2143 3930; x_wconf 93' lang='lat' dir='ltr'><strong>ln</strong></span> <span class='ocrx_word' id='word_1_543' title='bbox 2165 3865 2230 3929; x_wconf 88' lang='lat' dir='ltr'><strong>ista</strong></span> <span class='ocrx_word' id='word_1_544' title='bbox 2252 3864 2407 3929; x_wconf 86' lang='lat' dir='ltr'><strong>barbarie</strong></span> <span class='ocrx_word' id='word_1_545' title='bbox 2427 3881 2488 3926; x_wconf 90' lang='lat' dir='ltr'><strong>no·</strong></span> 
     </span>
     <span class='ocr_line' id='line_1_38' title="bbox 473 3947 2487 4038; baseline -0.001 -22"><span class='ocrx_word' id='word_1_546' title='bbox 473 3947 636 4028; x_wconf 85' lang='lat' dir='ltr'><strong>exsilium,</strong></span> <span class='ocrx_word' id='word_1_547' title='bbox 664 3969 751 4036; x_wconf 87' lang='lat' dir='ltr'><strong>quae</strong></span> <span class='ocrx_word' id='word_1_548' title='bbox 772 3958 826 4014; x_wconf 90' lang='lat' dir='ltr'><strong>est</strong></span> <span class='ocrx_word' id='word_1_549' title='bbox 846 3949 955 4014; x_wconf 87' lang='lat' dir='ltr'><strong>anima</strong></span> <span class='ocrx_word' id='word_1_550' title='bbox 974 3969 1067 4014; x_wconf 86' lang='lat' dir='ltr'><strong>mea:</strong></span> <span class='ocrx_word' id='word_1_551' title='bbox 1101 3949 1192 4035; x_wconf 83' lang='lat' dir='ltr'><strong>Ergo</strong></span> <span class='ocrx_word' id='word_1_552' title='bbox 1214 3949 1326 4014; x_wconf 88' lang='lat' dir='ltr'><strong>adbuc</strong></span> <span class='ocrx_word' id='word_1_553' title='bbox 1348 3948 1454 4035; x_wconf 79' lang='lat' dir='ltr'><strong>diligit</strong></span> <span class='ocrx_word' id='word_1_554' title='bbox 1506 3959 1588 4029; x_wconf 89' lang='lat' dir='ltr'><strong>stra,</strong></span> <span class='ocrx_word' id='word_1_555' title='bbox 1611 3949 1833 4014; x_wconf 90' lang='lat' dir='ltr'><strong>consideratio</strong></span> <span class='ocrx_word' id='word_1_556' title='bbox 1855 3961 1993 4016; x_wconf 89' lang='lat' dir='ltr'><strong>naturae</strong></span> <span class='ocrx_word' id='word_1_557' title='bbox 2013 3948 2209 4038; x_wconf 86' lang='lat' dir='ltr'><strong>negligitur,</strong></span> <span class='ocrx_word' id='word_1_558' title='bbox 2239 3968 2325 4036; x_wconf 88' lang='lat' dir='ltr'><strong>quae</strong></span> <span class='ocrx_word' id='word_1_559' title='bbox 2345 3966 2410 4014; x_wconf 84' lang='lat' dir='ltr'><strong>uos</strong></span> <span class='ocrx_word' id='word_1_560' title='bbox 2432 3948 2487 4013; x_wconf 89' lang='lat' dir='ltr'><strong>de·</strong></span> 
     </span>
     <span class='ocr_line' id='line_1_39' title="bbox 471 4032 2488 4113; baseline -0.002 -12"><span class='ocrx_word' id='word_1_561' title='bbox 471 4035 671 4113; x_wconf 86' lang='lat' dir='ltr'><strong>Ecclesiam,</strong></span> <span class='ocrx_word' id='word_1_562' title='bbox 692 4036 790 4101; x_wconf 91' lang='lat' dir='ltr'><strong>etiam</strong></span> <span class='ocrx_word' id='word_1_563' title='bbox 812 4033 987 4101; x_wconf 82' lang='lat' dir='ltr'><strong>interillos</strong></span> <span class='ocrx_word' id='word_1_564' title='bbox 1003 4035 1168 4110; x_wconf 87' lang='lat' dir='ltr'><strong>miserias,</strong></span> <span class='ocrx_word' id='word_1_565' title='bbox 1190 4046 1223 4101; x_wconf 89' lang='lat' dir='ltr'><strong>et</strong></span> <span class='ocrx_word' id='word_1_566' title='bbox 1238 4056 1305 4100; x_wconf 90' lang='lat' dir='ltr'><strong>non</strong></span> <span class='ocrx_word' id='word_1_567' title='bbox 1318 4041 1453 4101; x_wconf 88' lang='lat' dir='ltr'><strong>omnino</strong></span> <span class='ocrx_word' id='word_1_568' title='bbox 1506 4036 1607 4100; x_wconf 88' lang='lat' dir='ltr'><strong>bebat</strong></span> <span class='ocrx_word' id='word_1_569' title='bbox 1629 4036 1810 4100; x_wconf 90' lang='lat' dir='ltr'><strong>admonere</strong></span> <span class='ocrx_word' id='word_1_570' title='bbox 1832 4036 1876 4101; x_wconf 89' lang='lat' dir='ltr'><strong>de</strong></span> <span class='ocrx_word' id='word_1_571' title='bbox 1903 4033 2015 4103; x_wconf 87' lang='lat' dir='ltr'><strong>multis</strong></span> <span class='ocrx_word' id='word_1_572' title='bbox 2037 4038 2154 4103; x_wconf 85' lang='lat' dir='ltr'><strong>rebus..</strong></span> <span class='ocrx_word' id='word_1_573' title='bbox 2204 4035 2275 4103; x_wconf 87' lang='lat' dir='ltr'><strong>Sed</strong></span> <span class='ocrx_word' id='word_1_574' title='bbox 2307 4036 2411 4100; x_wconf 85' lang='lat' dir='ltr'><strong>redeo</strong></span> <span class='ocrx_word' id='word_1_575' title='bbox 2443 4032 2488 4097; x_wconf 88' lang='lat' dir='ltr'><strong>ad</strong></span> 
     </span>
     <span class='ocr_line' id='line_1_40' title="bbox 471 4122 1664 4190; baseline -0.004 0"><span class='ocrx_word' id='word_1_576' title='bbox 471 4123 609 4190; x_wconf 83' lang='lat' dir='ltr'><strong>deleret.</strong></span> <span class='ocrx_word' id='word_1_577' title='bbox 1503 4140 1522 4185; x_wconf 87' lang='lat' dir='ltr'><strong>s</strong></span> <span class='ocrx_word' id='word_1_578' title='bbox 1568 4122 1664 4186; x_wconf 90' lang='lat' dir='ltr'><strong>odos.</strong></span> 
     </span>
    </p>

    <p class='ocr_par' dir='ltr' id='par_1_4' title="bbox 451 4143 2491 4984">
     <span class='ocr_line' id='line_1_41' title="bbox 558 4143 2487 4295; baseline -0.002 -22"><span class='ocrx_word' id='word_1_579' title='bbox 558 4208 650 4274; x_wconf 86' lang='lat' dir='ltr'><strong>Haec</strong></span> <span class='ocrx_word' id='word_1_580' title='bbox 673 4208 895 4288; x_wconf 85' lang='lat' dir='ltr'><strong>considerate,</strong></span> <span class='ocrx_word' id='word_1_581' title='bbox 918 4221 953 4273; x_wconf 91' lang='lat' dir='ltr'><strong>et</strong></span> <span class='ocrx_word' id='word_1_582' title='bbox 972 4204 1078 4272; x_wconf 92' lang='lat' dir='ltr'><strong>nolite</strong></span> <span class='ocrx_word' id='word_1_583' title='bbox 1098 4208 1184 4271; x_wconf 90' lang='lat' dir='ltr'><strong>adeo</strong></span> <span class='ocrx_word' id='word_1_584' title='bbox 1202 4203 1384 4292; x_wconf 56' lang='lat' dir='ltr'><strong>cyclopice</strong></span> <span class='ocrx_word' id='word_1_585' title='bbox 1405 4207 1453 4272; x_wconf 87' lang='lat' dir='ltr'><strong>vi·</strong></span> <span class='ocrx_word' id='word_1_586' title='bbox 1523 4143 1567 4209; x_wconf 67' lang='lat' dir='ltr'><strong>yn</strong></span> <span class='ocrx_word' id='word_1_587' title='bbox 1590 4205 1670 4272; x_wconf 84' lang='lat' dir='ltr'><strong>Dixi</strong></span> <span class='ocrx_word' id='word_1_588' title='bbox 1691 4203 1798 4272; x_wconf 82' lang='lat' dir='ltr'><strong>fuisse</strong></span> <span class='ocrx_word' id='word_1_589' title='bbox 1821 4208 1996 4295; x_wconf 87' lang='lat' dir='ltr'><strong>synodum.</strong></span> <span class='ocrx_word' id='word_1_590' title='bbox 2031 4206 2179 4282; x_wconf 83' lang='lat' dir='ltr'><strong>Quaero:</strong></span> <span class='ocrx_word' id='word_1_591' title='bbox 2203 4208 2282 4294; x_wconf 88' lang='lat' dir='ltr'><strong>quid</strong></span> <span class='ocrx_word' id='word_1_592' title='bbox 2304 4203 2387 4272; x_wconf 80' lang='lat' dir='ltr'><strong>iacit</strong></span> <span class='ocrx_word' id='word_1_593' title='bbox 2407 4222 2487 4291; x_wconf 77' lang='lat' dir='ltr'><strong>syn·</strong></span> 
     </span>
     <span class='ocr_line' id='line_1_42' title="bbox 451 4290 2486 4382; baseline -0.002 -23"><span class='ocrx_word' id='word_1_594' title='bbox 451 4312 562 4360; x_wconf 79' lang='lat' dir='ltr'><strong>-vera</strong></span> <span class='ocrx_word' id='word_1_595' title='bbox 608 4291 741 4382; x_wconf 83' lang='lat' dir='ltr'><strong>Alioqui</strong></span> <span class='ocrx_word' id='word_1_596' title='bbox 758 4297 842 4360; x_wconf 89' lang='lat' dir='ltr'><strong>satis</strong></span> <span class='ocrx_word' id='word_1_597' title='bbox 864 4306 917 4359; x_wconf 86' lang='lat' dir='ltr'><strong>est</strong></span> <span class='ocrx_word' id='word_1_598' title='bbox 938 4295 1154 4359; x_wconf 87' lang='lat' dir='ltr'><strong>miseriarum.</strong></span> <span class='ocrx_word' id='word_1_599' title='bbox 1191 4291 1389 4360; x_wconf 81' lang='lat' dir='ltr'><strong>Affieiamur</strong></span> <span class='ocrx_word' id='word_1_600' title='bbox 1406 4305 1454 4359; x_wconf 91' lang='lat' dir='ltr'><strong>ta·</strong></span> <span class='ocrx_word' id='word_1_601' title='bbox 1506 4294 1603 4373; x_wconf 84' lang='lat' dir='ltr'><strong>odas,</strong></span> <span class='ocrx_word' id='word_1_602' title='bbox 1637 4313 1736 4379; x_wconf 88' lang='lat' dir='ltr'><strong>quam</strong></span> <span class='ocrx_word' id='word_1_603' title='bbox 1758 4295 1802 4359; x_wconf 90' lang='lat' dir='ltr'><strong>ob</strong></span> <span class='ocrx_word' id='word_1_604' title='bbox 1825 4315 1980 4360; x_wconf 88' lang='lat' dir='ltr'><strong>caussam</strong></span> <span class='ocrx_word' id='word_1_605' title='bbox 1999 4295 2121 4360; x_wconf 89' lang='lat' dir='ltr'><strong>debent</strong></span> <span class='ocrx_word' id='word_1_606' title='bbox 2148 4293 2330 4360; x_wconf 86' lang='lat' dir='ltr'><strong>convocari</strong></span> <span class='ocrx_word' id='word_1_607' title='bbox 2351 4290 2486 4378; x_wconf 81' lang='lat' dir='ltr'><strong>synodi,</strong></span> 
     </span>
     <span class='ocr_line' id='line_1_43' title="bbox 473 4374 2486 4467; baseline -0.002 -21"><span class='ocrx_word' id='word_1_608' title='bbox 473 4400 548 4446; x_wconf 88' lang='lat' dir='ltr'><strong>men</strong></span> <span class='ocrx_word' id='word_1_609' title='bbox 578 4381 803 4465; x_wconf 82' lang='lat' dir='ltr'><strong>magnitudine</strong></span> <span class='ocrx_word' id='word_1_610' title='bbox 832 4381 1050 4445; x_wconf 88' lang='lat' dir='ltr'><strong>communium</strong></span> <span class='ocrx_word' id='word_1_611' title='bbox 1073 4380 1294 4446; x_wconf 82' lang='lat' dir='ltr'><strong>miseriarum:</strong></span> <span class='ocrx_word' id='word_1_612' title='bbox 1323 4378 1454 4467; x_wconf 76' lang='lat' dir='ltr'><strong>Cogite</strong></span> <span class='ocrx_word' id='word_1_613' title='bbox 1507 4380 1661 4446; x_wconf 86' lang='lat' dir='ltr'><strong>conditne</strong></span> <span class='ocrx_word' id='word_1_614' title='bbox 1682 4381 1834 4466; x_wconf 83' lang='lat' dir='ltr'><strong>synodus</strong></span> <span class='ocrx_word' id='word_1_615' title='bbox 1851 4376 2013 4445; x_wconf 83' lang='lat' dir='ltr'><strong>articulos</strong></span> <span class='ocrx_word' id='word_1_616' title='bbox 2034 4378 2135 4446; x_wconf 75' lang='lat' dir='ltr'><strong>fideii</strong></span> <span class='ocrx_word' id='word_1_617' title='bbox 2176 4378 2264 4446; x_wconf 87' lang='lat' dir='ltr'><strong>Nou.</strong></span> <span class='ocrx_word' id='word_1_618' title='bbox 2308 4374 2486 4465; x_wconf 76' lang='lat' dir='ltr'><strong>Fuitsyn·</strong></span> 
     </span>
     <span class='ocr_line' id='line_1_44' title="bbox 472 4462 2485 4615; baseline -0.003 -83"><span class='ocrx_word' id='word_1_619' title='bbox 472 4485 547 4534; x_wconf 84' lang='lat' dir='ltr'><strong>mus</strong></span> <span class='ocrx_word' id='word_1_620' title='bbox 569 4463 645 4531; x_wconf 93' lang='lat' dir='ltr'><strong>illas</strong></span> <span class='ocrx_word' id='word_1_621' title='bbox 667 4485 808 4553; x_wconf 85' lang='lat' dir='ltr'><strong>magnas</strong></span> <span class='ocrx_word' id='word_1_622' title='bbox 828 4467 993 4545; x_wconf 89' lang='lat' dir='ltr'><strong>miserias,</strong></span> <span class='ocrx_word' id='word_1_623' title='bbox 1014 4485 1153 4615; x_wconf 61' lang='lat' dir='ltr'><strong>puerum</strong></span> <span class='ocrx_word' id='word_1_624' title='bbox 1175 4462 1296 4553; x_wconf 83' lang='lat' dir='ltr'><strong>singuli</strong></span> <span class='ocrx_word' id='word_1_625' title='bbox 1307 4465 1453 4552; x_wconf 87' lang='lat' dir='ltr'><strong>aliquam</strong></span> <span class='ocrx_word' id='word_1_626' title='bbox 1507 4466 1593 4531; x_wconf 87' lang='lat' dir='ltr'><strong>udus</strong></span> <span class='ocrx_word' id='word_1_627' title='bbox 1619 4464 1768 4530; x_wconf 82' lang='lat' dir='ltr'><strong>Nicaena</strong></span> <span class='ocrx_word' id='word_1_628' title='bbox 1804 4464 1949 4533; x_wconf 86' lang='lat' dir='ltr'><strong>collecta</strong></span> <span class='ocrx_word' id='word_1_629' title='bbox 1969 4468 2069 4531; x_wconf 86' lang='lat' dir='ltr'><strong>motis</strong></span> <span class='ocrx_word' id='word_1_630' title='bbox 2092 4464 2358 4553; x_wconf 85' lang='lat' dir='ltr'><strong>quaestiouibus,</strong></span> <span class='ocrx_word' id='word_1_631' title='bbox 2381 4473 2415 4527; x_wconf 88' lang='lat' dir='ltr'><strong>et</strong></span> <span class='ocrx_word' id='word_1_632' title='bbox 2436 4482 2485 4527; x_wconf 67' lang='lat' dir='ltr'><strong>ar</strong></span> 
     </span>
     <span class='ocr_line' id='line_1_45' title="bbox 472 4547 2487 4639; baseline -0.002 -21"><span class='ocrx_word' id='word_1_633' title='bbox 472 4565 601 4639; x_wconf 85' lang='lat' dir='ltr'><strong>partem</strong></span> <span class='ocrx_word' id='word_1_634' title='bbox 633 4553 810 4618; x_wconf 87' lang='lat' dir='ltr'><strong>sustinent.</strong></span> <span class='ocrx_word' id='word_1_635' title='bbox 864 4551 971 4617; x_wconf 89' lang='lat' dir='ltr'><strong>Etiam</strong></span> <span class='ocrx_word' id='word_1_636' title='bbox 1003 4553 1013 4616; x_wconf 95' lang='lat' dir='ltr'><strong>i</strong></span> <span class='ocrx_word' id='word_1_637' title='bbox 1041 4552 1069 4631; x_wconf 90' lang='lat' dir='ltr'><strong>i,</strong></span> <span class='ocrx_word' id='word_1_638' title='bbox 1102 4553 1157 4637; x_wconf 87' lang='lat' dir='ltr'><strong>qui</strong></span> <span class='ocrx_word' id='word_1_639' title='bbox 1179 4552 1312 4631; x_wconf 84' lang='lat' dir='ltr'><strong>flerent,</strong></span> <span class='ocrx_word' id='word_1_640' title='bbox 1344 4564 1454 4617; x_wconf 75' lang='lat' dir='ltr'><strong>tamma</strong></span> <span class='ocrx_word' id='word_1_641' title='bbox 1507 4551 1605 4615; x_wconf 88' lang='lat' dir='ltr'><strong>dente</strong></span> <span class='ocrx_word' id='word_1_642' title='bbox 1637 4547 1747 4615; x_wconf 90' lang='lat' dir='ltr'><strong>multis</strong></span> <span class='ocrx_word' id='word_1_643' title='bbox 1780 4552 1877 4618; x_wconf 90' lang='lat' dir='ltr'><strong>annis</strong></span> <span class='ocrx_word' id='word_1_644' title='bbox 1911 4552 2079 4618; x_wconf 88' lang='lat' dir='ltr'><strong>discordia</strong></span> <span class='ocrx_word' id='word_1_645' title='bbox 2112 4553 2154 4617; x_wconf 90' lang='lat' dir='ltr'><strong>dc</strong></span> <span class='ocrx_word' id='word_1_646' title='bbox 2177 4550 2262 4618; x_wconf 85' lang='lat' dir='ltr'><strong>Filio</strong></span> <span class='ocrx_word' id='word_1_647' title='bbox 2283 4549 2365 4629; x_wconf 88' lang='lat' dir='ltr'><strong>Dei,</strong></span> <span class='ocrx_word' id='word_1_648' title='bbox 2397 4566 2487 4634; x_wconf 83' lang='lat' dir='ltr'><strong>quae</strong></span> 
     </span>
     <span class='ocr_line' id='line_1_46' title="bbox 472 4635 2491 4723; baseline 0.001 -20"><span class='ocrx_word' id='word_1_649' title='bbox 472 4658 540 4703; x_wconf 89' lang='lat' dir='ltr'><strong>nou</strong></span> <span class='ocrx_word' id='word_1_650' title='bbox 568 4650 710 4722; x_wconf 87' lang='lat' dir='ltr'><strong>possunt</strong></span> <span class='ocrx_word' id='word_1_651' title='bbox 741 4639 788 4702; x_wconf 90' lang='lat' dir='ltr'><strong>ita</strong></span> <span class='ocrx_word' id='word_1_652' title='bbox 817 4635 955 4718; x_wconf 83' lang='lat' dir='ltr'><strong>llorere,</strong></span> <span class='ocrx_word' id='word_1_653' title='bbox 989 4638 1075 4702; x_wconf 89' lang='lat' dir='ltr'><strong>sicut</strong></span> <span class='ocrx_word' id='word_1_654' title='bbox 1095 4639 1128 4701; x_wconf 94' lang='lat' dir='ltr'><strong>in</strong></span> <span class='ocrx_word' id='word_1_655' title='bbox 1150 4635 1331 4723; x_wconf 83' lang='lat' dir='ltr'><strong>tranquillo</strong></span> <span class='ocrx_word' id='word_1_656' title='bbox 1353 4648 1454 4703; x_wconf 88' lang='lat' dir='ltr'><strong>statu.</strong></span> <span class='ocrx_word' id='word_1_657' title='bbox 1501 4636 1647 4722; x_wconf 86' lang='lat' dir='ltr'><strong>‘primum</strong></span> <span class='ocrx_word' id='word_1_658' title='bbox 1669 4649 1826 4721; x_wconf 84' lang='lat' dir='ltr'><strong>coeperet</strong></span> <span class='ocrx_word' id='word_1_659' title='bbox 1847 4639 2051 4723; x_wconf 89' lang='lat' dir='ltr'><strong>temporibus</strong></span> <span class='ocrx_word' id='word_1_660' title='bbox 2073 4636 2169 4705; x_wconf 86' lang='lat' dir='ltr'><strong>Pauli</strong></span> <span class='ocrx_word' id='word_1_661' title='bbox 2190 4635 2420 4712; x_wconf 83' lang='lat' dir='ltr'><strong>Samosateui,</strong></span> <span class='ocrx_word' id='word_1_662' title='bbox 2453 4643 2491 4705; x_wconf 74' lang='lat' dir='ltr'><strong>ct</strong></span> 
     </span>
     <span class='ocr_line' id='line_1_47' title="bbox 473 4720 2488 4811; baseline -0.001 -21"><span class='ocrx_word' id='word_1_663' title='bbox 473 4722 701 4790; x_wconf 76' lang='lat' dir='ltr'><strong>consideratis</strong></span> <span class='ocrx_word' id='word_1_664' title='bbox 722 4720 819 4789; x_wconf 89' lang='lat' dir='ltr'><strong>malis</strong></span> <span class='ocrx_word' id='word_1_665' title='bbox 841 4735 954 4809; x_wconf 87' lang='lat' dir='ltr'><strong>potest</strong></span> <span class='ocrx_word' id='word_1_666' title='bbox 970 4723 1120 4807; x_wconf 90' lang='lat' dir='ltr'><strong>conspici</strong></span> <span class='ocrx_word' id='word_1_667' title='bbox 1141 4724 1333 4810; x_wconf 88' lang='lat' dir='ltr'><strong>magnitudo</strong></span> <span class='ocrx_word' id='word_1_668' title='bbox 1354 4725 1455 4790; x_wconf 86' lang='lat' dir='ltr'><strong>bane·</strong></span> <span class='ocrx_word' id='word_1_669' title='bbox 1506 4721 1647 4787; x_wconf 89' lang='lat' dir='ltr'><strong>subinde</strong></span> <span class='ocrx_word' id='word_1_670' title='bbox 1674 4720 1889 4807; x_wconf 87' lang='lat' dir='ltr'><strong>repullulavit</strong></span> <span class='ocrx_word' id='word_1_671' title='bbox 1913 4726 2131 4811; x_wconf 87' lang='lat' dir='ltr'><strong>sequentibus</strong></span> <span class='ocrx_word' id='word_1_672' title='bbox 2153 4724 2358 4811; x_wconf 83' lang='lat' dir='ltr'><strong>temporibus</strong></span> <span class='ocrx_word' id='word_1_673' title='bbox 2379 4739 2488 4809; x_wconf 75' lang='lat' dir='ltr'><strong>usque</strong></span> 
     </span>
     <span class='ocr_line' id='line_1_48' title="bbox 473 4807 2489 4878; baseline -0.002 -2"><span class='ocrx_word' id='word_1_674' title='bbox 473 4808 636 4877; x_wconf 86' lang='lat' dir='ltr'><strong>ficiorum.</strong></span> <span class='ocrx_word' id='word_1_675' title='bbox 680 4809 774 4876; x_wconf 90' lang='lat' dir='ltr'><strong>llaec</strong></span> <span class='ocrx_word' id='word_1_676' title='bbox 796 4824 874 4876; x_wconf 90' lang='lat' dir='ltr'><strong>sunt</strong></span> <span class='ocrx_word' id='word_1_677' title='bbox 888 4807 1120 4877; x_wconf 69' lang='lat' dir='ltr'><strong>Grammatico.</strong></span> <span class='ocrx_word' id='word_1_678' title='bbox 1164 4807 1377 4876; x_wconf 82' lang='lat' dir='ltr'><strong>Assuei&#39;acite</strong></span> <span class='ocrx_word' id='word_1_679' title='bbox 1398 4830 1455 4877; x_wconf 89' lang='lat' dir='ltr'><strong>au·</strong></span> <span class='ocrx_word' id='word_1_680' title='bbox 1505 4809 1549 4873; x_wconf 88' lang='lat' dir='ltr'><strong>ad</strong></span> <span class='ocrx_word' id='word_1_681' title='bbox 1572 4808 1814 4876; x_wconf 88' lang='lat' dir='ltr'><strong>contentionem</strong></span> <span class='ocrx_word' id='word_1_682' title='bbox 1837 4811 2012 4877; x_wconf 84' lang='lat' dir='ltr'><strong>excitatam</strong></span> <span class='ocrx_word' id='word_1_683' title='bbox 2033 4813 2076 4878; x_wconf 88' lang='lat' dir='ltr'><strong>ab</strong></span> <span class='ocrx_word' id='word_1_684' title='bbox 2098 4811 2192 4877; x_wconf 80' lang='lat' dir='ltr'><strong>Ario.</strong></span> <span class='ocrx_word' id='word_1_685' title='bbox 2228 4809 2298 4876; x_wconf 86' lang='lat' dir='ltr'><strong>Sed</strong></span> <span class='ocrx_word' id='word_1_686' title='bbox 2319 4827 2386 4874; x_wconf 88' lang='lat' dir='ltr'><strong>uun</strong></span> <span class='ocrx_word' id='word_1_687' title='bbox 2407 4824 2489 4873; x_wconf 90' lang='lat' dir='ltr'><strong>con·</strong></span> 
     </span>
     <span class='ocr_line' id='line_1_49' title="bbox 473 4892 2489 4984; baseline -0.002 -23"><span class='ocrx_word' id='word_1_688' title='bbox 473 4906 539 4962; x_wconf 89' lang='lat' dir='ltr'><strong>tem</strong></span> <span class='ocrx_word' id='word_1_689' title='bbox 561 4915 636 4977; x_wconf 88' lang='lat' dir='ltr'><strong>vos,</strong></span> <span class='ocrx_word' id='word_1_690' title='bbox 656 4908 693 4963; x_wconf 92' lang='lat' dir='ltr'><strong>ut</strong></span> <span class='ocrx_word' id='word_1_691' title='bbox 714 4897 948 4984; x_wconf 85' lang='lat' dir='ltr'><strong>proprietatem</strong></span> <span class='ocrx_word' id='word_1_692' title='bbox 971 4892 1211 4963; x_wconf 87' lang='lat' dir='ltr'><strong>vocabulorum</strong></span> <span class='ocrx_word' id='word_1_693' title='bbox 1233 4895 1383 4978; x_wconf 85' lang='lat' dir='ltr'><strong>discatis.</strong></span> <span class='ocrx_word' id='word_1_694' title='bbox 1506 4894 1587 4959; x_wconf 90' lang='lat' dir='ltr'><strong>didit</strong></span> <span class='ocrx_word' id='word_1_695' title='bbox 1608 4895 1758 4981; x_wconf 81' lang='lat' dir='ltr'><strong>synodus</strong></span> <span class='ocrx_word' id='word_1_696' title='bbox 1768 4895 1916 4961; x_wconf 83' lang='lat' dir='ltr'><strong>Nicaena</strong></span> <span class='ocrx_word' id='word_1_697' title='bbox 1937 4916 2048 4963; x_wconf 84' lang='lat' dir='ltr'><strong>novos</strong></span> <span class='ocrx_word' id='word_1_698' title='bbox 2061 4893 2241 4963; x_wconf 83' lang='lat' dir='ltr'><strong>articulos:</strong></span> <span class='ocrx_word' id='word_1_699' title='bbox 2264 4897 2311 4961; x_wconf 86' lang='lat' dir='ltr'><strong>ita</strong></span> <span class='ocrx_word' id='word_1_700' title='bbox 2331 4892 2395 4959; x_wconf 83' lang='lat' dir='ltr'><strong>bae</strong></span> <span class='ocrx_word' id='word_1_701' title='bbox 2416 4912 2489 4958; x_wconf 92' lang='lat' dir='ltr'><strong>mu·</strong></span> 
     </span>
    </p>

    <p class='ocr_par' dir='ltr' id='par_1_5' title="bbox 531 4978 2490 5064">
     <span class='ocr_line' id='line_1_50' title="bbox 531 4978 2490 5064; baseline -0.003 -15"><span class='ocrx_word' id='word_1_702' title='bbox 531 5006 543 5030; x_wconf 81' lang='lat'><em>⁰</em></span> <span class='ocrx_word' id='word_1_703' title='bbox 1504 4978 1608 5047; x_wconf 87' lang='lat' dir='ltr'><strong>lieres</strong></span> <span class='ocrx_word' id='word_1_704' title='bbox 1640 4999 1708 5045; x_wconf 92' lang='lat' dir='ltr'><strong>non</strong></span> <span class='ocrx_word' id='word_1_705' title='bbox 1740 4983 1887 5049; x_wconf 90' lang='lat' dir='ltr'><strong>condunt</strong></span> <span class='ocrx_word' id='word_1_706' title='bbox 1918 4980 2111 5064; x_wconf 86' lang='lat' dir='ltr'><strong>articulum,</strong></span> <span class='ocrx_word' id='word_1_707' title='bbox 2169 4983 2240 5048; x_wconf 87' lang='lat' dir='ltr'><strong>uod</strong></span> <span class='ocrx_word' id='word_1_708' title='bbox 2265 4978 2411 5047; x_wconf 80' lang='lat' dir='ltr'><strong>Messius</strong></span> <span class='ocrx_word' id='word_1_709' title='bbox 2444 4979 2490 5044; x_wconf 78' lang='lat' dir='ltr'><strong>sit</strong></span> 
     </span>
    </p>

    <p class='ocr_par' dir='ltr' id='par_1_6' title="bbox 472 5062 2490 5412">
     <span class='ocr_line' id='line_1_51' title="bbox 1507 5062 2490 5154; baseline -0.003 -20"><span class='ocrx_word' id='word_1_710' title='bbox 1507 5077 1707 5153; x_wconf 66' lang='lat' dir='ltr'><strong>conceptum</strong></span> <span class='ocrx_word' id='word_1_711' title='bbox 1739 5068 1817 5154; x_wconf 85' lang='lat' dir='ltr'><strong>quia</strong></span> <span class='ocrx_word' id='word_1_712' title='bbox 1837 5066 1932 5135; x_wconf 89' lang='lat' dir='ltr'><strong>Deus</strong></span> <span class='ocrx_word' id='word_1_713' title='bbox 1965 5069 2080 5135; x_wconf 92' lang='lat' dir='ltr'><strong>condit</strong></span> <span class='ocrx_word' id='word_1_714' title='bbox 2173 5062 2269 5134; x_wconf 83' lang='lat' dir='ltr'><strong>culos</strong></span> <span class='ocrx_word' id='word_1_715' title='bbox 2295 5066 2392 5142; x_wconf 69' lang='lat' dir='ltr'><strong>fldeia</strong></span> <span class='ocrx_word' id='word_1_716' title='bbox 2425 5064 2490 5131; x_wconf 83' lang='lat' dir='ltr'><strong>sed</strong></span> 
     </span>
     <span class='ocr_line' id='line_1_52' title="bbox 1506 5150 2490 5235; baseline -0.003 -15"><span class='ocrx_word' id='word_1_717' title='bbox 1506 5155 1608 5220; x_wconf 80' lang='lat' dir='ltr'><strong>aium</strong></span> <span class='ocrx_word' id='word_1_718' title='bbox 1629 5172 1723 5219; x_wconf 86' lang='lat' dir='ltr'><strong>suam</strong></span> <span class='ocrx_word' id='word_1_719' title='bbox 1745 5152 2007 5221; x_wconf 80' lang='lat' dir='ltr'><strong>confessionem:</strong></span> <span class='ocrx_word' id='word_1_720' title='bbox 2042 5155 2260 5235; x_wconf 87' lang='lat' dir='ltr'><strong>conveniunt,</strong></span> <span class='ocrx_word' id='word_1_721' title='bbox 2291 5164 2328 5220; x_wconf 92' lang='lat' dir='ltr'><strong>ut</strong></span> <span class='ocrx_word' id='word_1_722' title='bbox 2355 5150 2490 5218; x_wconf 80' lang='lat' dir='ltr'><strong>conlea-</strong></span> 
     </span>
     <span class='ocr_line' id='line_1_53' title="bbox 472 5229 2489 5343; baseline -0.004 -30"><span class='ocrx_word' id='word_1_723' title='bbox 472 5229 634 5314; x_wconf 87' lang='lat' dir='ltr'><strong>Locus</strong></span> <span class='ocrx_word' id='word_1_724' title='bbox 669 5229 959 5343; x_wconf 86' lang='lat' dir='ltr'><strong>principalis</strong></span> <span class='ocrx_word' id='word_1_725' title='bbox 990 5229 1253 5314; x_wconf 88' lang='lat' dir='ltr'><strong>doctrinae</strong></span> <span class='ocrx_word' id='word_1_726' title='bbox 1284 5229 1333 5314; x_wconf 91' lang='lat' dir='ltr'><strong>in</strong></span> <span class='ocrx_word' id='word_1_727' title='bbox 1362 5231 1454 5314; x_wconf 89' lang='lat' dir='ltr'><strong>hac</strong></span> <span class='ocrx_word' id='word_1_728' title='bbox 1506 5240 1602 5305; x_wconf 78' lang='lat' dir='ltr'><strong>stoue</strong></span> <span class='ocrx_word' id='word_1_729' title='bbox 1633 5240 1754 5326; x_wconf 75' lang='lat' dir='ltr'><strong>smodi</strong></span> <span class='ocrx_word' id='word_1_730' title='bbox 1781 5241 1970 5308; x_wconf 83' lang='lat' dir='ltr'><strong>testtmouta</strong></span> <span class='ocrx_word' id='word_1_731' title='bbox 1998 5242 2041 5307; x_wconf 82' lang='lat' dir='ltr'><strong>dc</strong></span> <span class='ocrx_word' id='word_1_732' title='bbox 2068 5241 2220 5308; x_wconf 70' lang='lat' dir='ltr'><strong>domum</strong></span> <span class='ocrx_word' id='word_1_733' title='bbox 2247 5246 2392 5306; x_wconf 80' lang='lat' dir='ltr'><strong>exstant.</strong></span> <span class='ocrx_word' id='word_1_734' title='bbox 2436 5236 2489 5302; x_wconf 83' lang='lat' dir='ltr'><strong>lta</strong></span> 
     </span>
     <span class='ocr_line' id='line_1_54' title="bbox 1506 5322 2490 5412; baseline 0 -22"><span class='ocrx_word' id='word_1_735' title='bbox 1506 5327 1661 5391; x_wconf 87' lang='lat' dir='ltr'><strong>convenit</strong></span> <span class='ocrx_word' id='word_1_736' title='bbox 1682 5323 1839 5412; x_wconf 85' lang='lat' dir='ltr'><strong>Syncdus</strong></span> <span class='ocrx_word' id='word_1_737' title='bbox 1861 5327 2026 5395; x_wconf 85' lang='lat' dir='ltr'><strong>Nicaena:</strong></span> <span class='ocrx_word' id='word_1_738' title='bbox 2053 5322 2197 5393; x_wconf 82' lang='lat' dir='ltr'><strong>affirmet</strong></span> <span class='ocrx_word' id='word_1_739' title='bbox 2217 5324 2305 5393; x_wconf 88' lang='lat' dir='ltr'><strong>banc</strong></span> <span class='ocrx_word' id='word_1_740' title='bbox 2325 5342 2408 5391; x_wconf 78' lang='lat' dir='ltr'><strong>esse</strong></span> <span class='ocrx_word' id='word_1_741' title='bbox 2428 5342 2490 5390; x_wconf 83' lang='lat' dir='ltr'><strong>vu·</strong></span> 
     </span>
    </p>
   </div>
   <div class='ocr_carea' id='block_1_3' title="bbox 560 5382 2492 5673">
    <p class='ocr_par' dir='ltr' id='par_1_7' title="bbox 560 5382 2492 5673">
     <span class='ocr_line' id='line_1_55' title="bbox 853 5382 2492 5501; baseline 0.007 -36"><span class='ocrx_word' id='word_1_742' title='bbox 853 5382 1075 5472; x_wconf 79' lang='lat' dir='ltr'><strong>historia.</strong></span> <span class='ocrx_word' id='word_1_743' title='bbox 1507 5408 1792 5501; x_wconf 65' lang='lat' dir='ltr'><strong>aeuningen,</strong></span> <span class='ocrx_word' id='word_1_744' title='bbox 1823 5408 2039 5501; x_wconf 56' lang='lat' dir='ltr'><strong>porrum</strong></span> <span class='ocrx_word' id='word_1_745' title='bbox 2059 5409 2126 5480; x_wconf 78' lang='lat' dir='ltr'><strong>oa</strong></span> <span class='ocrx_word' id='word_1_746' title='bbox 2155 5413 2203 5481; x_wconf 80' lang='lat' dir='ltr'><strong>nt</strong></span> <span class='ocrx_word' id='word_1_747' title='bbox 2230 5408 2492 5480; x_wconf 67' lang='lat' dir='ltr'><strong>assumam</strong></span> 
     </span>
     <span class='ocr_line' id='line_1_56' title="bbox 689 5496 2491 5583; baseline 0.003 -25"><span class='ocrx_word' id='word_1_748' title='bbox 689 5570 693 5577; x_wconf 27' lang='grc' dir='ltr'>Ι</span> <span class='ocrx_word' id='word_1_749' title='bbox 1507 5498 1633 5564; x_wconf 86' lang='lat' dir='ltr'><strong>aetemi</strong></span> <span class='ocrx_word' id='word_1_750' title='bbox 1655 5496 1783 5579; x_wconf 85' lang='lat' dir='ltr'><strong>Patris,</strong></span> <span class='ocrx_word' id='word_1_751' title='bbox 1833 5499 1900 5565; x_wconf 90' lang='lat' dir='ltr'><strong>uod</strong></span> <span class='ocrx_word' id='word_1_752' title='bbox 1922 5500 1965 5566; x_wconf 89' lang='lat' dir='ltr'><strong>sit</strong></span> <span class='ocrx_word' id='word_1_753' title='bbox 1984 5498 2156 5583; x_wconf 64' lang='grc' dir='ltr'><strong>ὁμονόως,</strong></span> <span class='ocrx_word' id='word_1_754' title='bbox 2176 5519 2245 5567; x_wconf 87' lang='lat' dir='ltr'><strong>nou</strong></span> <span class='ocrx_word' id='word_1_755' title='bbox 2267 5508 2425 5567; x_wconf 80' lang='lat' dir='ltr'><strong>creatura</strong></span> <span class='ocrx_word' id='word_1_756' title='bbox 2444 5512 2491 5563; x_wconf 79' lang='lat' dir='ltr'><strong>ex</strong></span> 
     </span>
     <span class='ocr_line' id='line_1_57' title="bbox 560 5518 2492 5673; baseline 0.002 -25"><span class='ocrx_word' id='word_1_757' title='bbox 560 5580 725 5651; x_wconf 83' lang='lat' dir='ltr'><strong>Doctrina</strong></span> <span class='ocrx_word' id='word_1_758' title='bbox 756 5593 867 5649; x_wconf 85' lang='lat' dir='ltr'><strong>autera</strong></span> <span class='ocrx_word' id='word_1_759' title='bbox 899 5582 1040 5669; x_wconf 81' lang='lat' dir='ltr'><strong>copiose</strong></span> <span class='ocrx_word' id='word_1_760' title='bbox 1071 5593 1125 5649; x_wconf 80' lang='lat' dir='ltr'><strong>eat</strong></span> <span class='ocrx_word' id='word_1_761' title='bbox 1153 5582 1187 5648; x_wconf 91' lang='lat' dir='ltr'><strong>iu</strong></span> <span class='ocrx_word' id='word_1_762' title='bbox 1215 5580 1281 5650; x_wconf 86' lang='lat' dir='ltr'><strong>bac</strong></span> <span class='ocrx_word' id='word_1_763' title='bbox 1301 5580 1454 5664; x_wconf 82' lang='lat' dir='ltr'><strong>historia,</strong></span> <span class='ocrx_word' id='word_1_764' title='bbox 1506 5578 1611 5649; x_wconf 83' lang='lat' dir='ltr'><strong>nihilo</strong></span> <span class='ocrx_word' id='word_1_765' title='bbox 1644 5584 1792 5650; x_wconf 81' lang='lat' dir='ltr'><strong>condita:</strong></span> <span class='ocrx_word' id='word_1_766' title='bbox 1810 5518 1936 5652; x_wconf 56' lang='grc' dir='ltr'><strong>ᾳἘιΙιιιιι</strong></span> <span class='ocrx_word' id='word_1_767' title='bbox 1967 5584 2213 5655; x_wconf 69' lang='lat' dir='ltr'><strong>masmim</strong></span> <span class='ocrx_word' id='word_1_768' title='bbox 2239 5581 2419 5673; x_wconf 79' lang='lat' dir='ltr'><strong>pulchram</strong></span> <span class='ocrx_word' id='word_1_769' title='bbox 2444 5580 2492 5651; x_wconf 83' lang='lat' dir='ltr'><strong>de</strong></span> 
     </span>
    </p>
   </div>
   <div class='ocr_carea' id='block_1_4' title="bbox 0 0 2972 6709">
    <p class='ocr_par' dir='ltr' id='par_1_8' title="bbox 0 0 2972 6709">
     <span class='ocr_line' id='line_1_58' title="bbox 0 0 2972 6709; baseline 0 0"><span class='ocrx_word' id='word_1_770' title='bbox 0 0 2972 6709; x_wconf 95' lang='lat' dir='ltr'><strong> </strong></span> 
     </span>
    </p>
   </div>
  </div>
 </body>
</html>
