5934 6709
478 662 540 731 an

567 854 660 917 llaec
678 852 789 916 omnia
811 863 888 915 sunt
909 847 964 914 hic
986 850 1129 916 indicata
1148 852 1179 913 in
1198 850 1376 913 eversione
1387 848 1464 915 llie·

481 938 575 1005 rosol
603 958 690 1013 mae3
722 948 756 1001 et
787 934 853 1002 lrae
885 947 963 1001 sunt
993 955 1123 1019 poenae
1144 933 1365 1014 idololatriae,
1388 956 1462 1000 cor·

480 962 684 1112 ruptelarum
707 1024 896 1100 doctrinae,
928 1020 1160 1087 confusionum
1192 1023 1226 1087 in
1259 1018 1460 1085 libidinibus.

481 1117 617 1195 Semper
639 1112 697 1176 ubi
718 1120 770 1174 εει
791 1106 990 1186 idololatria,
1011 1110 1055 1173 ibi
1078 1119 1129 1172 εει
1152 1128 1285 1193 quoque
1308 1106 1461 1172 conlusio

481 1199 634 1263 seminis:
669 1197 746 1282 quia
775 1198 916 1261 castitas
949 1195 1120 1280 proprium
1148 1205 1376 1258 oruamentum
1409 1203 1462 1257 εει

481 1280 669 1362 Ecclesiae,
697 1293 733 1347 ut
756 1282 836 1347 dicit
858 1279 1000 1345 Paulus:
1029 1283 1106 1347 Ideo
1123 1281 1263 1346 trodtdit
1280 1300 1334 1345 eoa
1355 1284 1389 1343 in
1410 1298 1461 1345 re·

476 1373 615 1454 prolimn
643 1388 779 1435 sensum.
841 1367 961 1431 Videte
984 1366 1162 1449 l‘apatom,
1196 1363 1313 1452 quales
1346 1362 1462 1430 conlit-

481 1457 596 1520 sionee
613 1457 659 1520 ibi
681 1467 760 1520 sunt
780 1454 963 1518 libidinum!
1008 1455 1066 1519 Sic
1088 1453 1220 1533 videtis,
1252 1473 1353 1517 anser
1373 1454 1462 1518 ooirlr

481 1544 568 1608 eoiret
599 1543 684 1608 corb
716 1548 808 1612 toust,
839 1542 911 1605 wilt.
945 1543 1015 1605 err-rt
1043 1541 1243 1621 mutbwitttp,
1273 1540 1371 1617 fricat
1396 1539 1464 1603 arrd

480 1626 613 1710 ectrffi‘.'
651 1627 782 1693 Deinde
817 1637 1001 1711 sequuntur
1038 1622 1212 1702 libidines,
1259 1638 1291 1689 et
1329 1626 1461 1689 tandem

1119 658 1231 727 Pltffl.
1254 657 1357 725 MEL.
1380 656 1568 726 sonim
1591 658 1856 729 ElOEGE'l'lGA.

2431 664 2498 735 ela

1514 849 1579 914 irae
1601 850 1644 913 ad
1664 851 1808 934 petenda
1830 852 1919 917 bona
1940 854 2157 932 necessaria,
2192 865 2228 919 et
2260 856 2413 920 addenda
2434 858 2497 925 ‘est

1539 936 1694 1001 retianum
1726 940 1824 1002 actio.
1887 937 1979 1002 llaec
2012 936 2084 1002 fieri
2117 936 2188 1004 vult
2221 940 2315 1005 Deus
2349 939 2495 1025 publice.

1514 957 1695 1086 l‘raetcrea
1715 1020 1788 1087 vult
1814 1023 2097 1109 unumquemlibet
2129 1045 2207 1090 esse
2239 1025 2397 1112 templum
2419 1029 2498 1111 Dei,

1514 1120 1550 1173 ut
1578 1110 1715 1173 dicitur:
1752 1112 1909 1175 Venientes
1930 1116 1975 1176 od
1994 1130 2082 1193 eunt,
2115 1123 2147 1177 et
2177 1123 2377 1180 monstenem
2409 1120 2501 1199 opud

1514 1213 1587 1259 eum
1612 1201 1785 1278 sectemur.
1850 1195 1900 1261 'l'u
1933 1206 1987 1260 est
2024 1195 2180 1282 templum
2201 1198 2279 1276 Dei,
2312 1222 2388 1266 cum
2420 1204 2498 1289 agis

1514 1282 1761 1364 poenitentiam,
1797 1294 1829 1346 et
1848 1293 2018 1347 sustentas
2051 1296 2086 1349 te
2117 1304 2204 1349 voce
2236 1284 2430 1373 Evangelii,
2463 1300 2499 1357 et

1484 1322 1489 1469 l
1513 1368 1652 1431 invocas
1675 1364 1795 1432 Deum.
1839 1367 1875 1431 ln
1897 1366 1962 1433 bac
1983 1371 2205 1436 conversione
2228 1382 2261 1436 ει
2282 1373 2497 1441 invocatione

1485 1480 1488 1531 ι
1513 1474 1552 1518 εε
1575 1452 1782 1532 domusDei,
1804 1465 1837 1518 et
1859 1452 2030 1539 templum:
2054 1466 2087 1520 et
2108 1468 2145 1522 ιιι
2165 1459 2198 1522 in
2214 1456 2348 1543 publico
2371 1458 2496 1547 templo

1485 1552 1488 1569 ²
1513 1549 1566 1604 est
1587 1541 1755 1605 invocatio
1776 1551 1811 1604 et
1832 1543 2013 1626 gratiarum
2035 1545 2135 1621 actio,
2157 1545 2208 1609 sic
2231 1556 2267 1610 tn
2290 1545 2394 1611 debes
2416 1566 2499 1615 esse

1484 1576 1488 1713 l
1513 1622 1602 1704 talis,
1623 1638 1717 1691 recte
1735 1628 1838 1691 debes
1859 1628 2020 1700 invocare
2031 1628 2153 1709 Deum,
2174 1631 2358 1697 doctrinam
2380 1652 2497 1700 veram

481 1733 621 1797 poenae,
641 1711 753 1779 lanata
776 1710 962 1798 disciplina.
1018 1711 1137 1776 Omnia
1165 1710 1266 1795 plena
1288 1724 1365 1775 sunt
1386 1730 1461 1795 pro·
1484 1726 1488 1801 Ι
1513 1713 1656 1789 discere,
1678 1725 1711 1777 ει
1733 1714 1860 1801 gratias
1882 1735 1994 1801 agero.

481 1800 597 1884 dtgtts,
641 1801 701 1865 sed
736 1819 803 1863 non
835 1810 962 1863 tantum
997 1795 1268 1862 constellationes
1301 1797 1488 1878 siderum!

480 1898 539 1951 aut
560 1884 732 1951 stellarum
755 1886 902 1969 positum
923 1884 986 1949 sed
1007 1884 1105 1949 etiam
1127 1881 1250 1949 laxatio
1267 1884 1349 1947 disci
1373 1881 1461 1947 linae
1485 1884 1488 1935 l

480 1986 534 2037 εει
569 1973 703 2059 signum
749 1970 939 2035 mutationis
973 1969 1198 2055 lmperiorum.
1259 1968 1352 2034 Αεεε
1368 1979 1462 2033 erant

481 2058 580 2122 etiam
602 2058 802 2123 mutationes
823 2054 899 2121 illas
920 2060 1074 2140 βονλιμίαι
1095 2057 1289 2140 principum,
1318 2066 1354 2120 ut
1375 2055 1461 2119 dice·

481 2232 569 2296 venit
587 2234 702 2295 Moses.
753 2231 810 2294 Sic
832 2248 965 2315 qnoque
998 2248 1073 2293 cum
1105 2226 1237 2293 laxatur
1270 2225 1461 2311 disciplina3

482 2336 558 2380 cum
580 2335 684 2381 onera
706 2327 878 2381 crescunt:
912 2315 1049 2400 imperia
1083 2334 1149 2379 non
1176 2326 1320 2400 possunt
1341 2314 1461 2378 durare

482 2402 614 2467 diutius.
671 2401 756 2468 Cum
788 2400 930 2483 Romae,
963 2413 1081 2486 quater
1110 2403 1312 2466 centesimae
1338 2402 1370 2463 in
1398 2420 1462 2464 usu

480 2484 624 2567 luerunt,
659 2501 692 2552 et
723 2485 810 2553 aliae
844 2484 1122 2570 compilationes,
1165 2498 1244 2553 tunc
1282 2489 1463 2552 veniebant

481 2593 622 2657 poenae,
645 2572 746 2639 lulius
765 2585 796 2637 et
819 2573 996 2659 Pompeius
1018 2573 1209 2640 intestinum
1236 2571 1359 2637 bellum
1382 2573 1462 2639 incr·

481 2660 627 2743 piabant.
672 2659 766 2725 Dens
788 2661 876 2725 adsit
898 2661 1007 2738 nobis,
1031 2671 1065 2724 et
1083 2660 1209 2747 mitiget
1231 2668 1369 2745 poenas.

585 3109 731 3172 Bornos
766 3124 869 3190 meo,
912 3104 1056 3172 Domus
1091 3107 1360 3191 precationis.

620 3335 840 3421 Debentne
871 3335 996 3418 etiam
1026 3364 1114 3418 esse
1144 3336 1322 3448 templa?

569 3568 715 3633 Debent.
760 3567 898 3642 Quare?
940 3566 977 3632 ln
1006 3568 1110 3633 veteri
1131 3566 1346 3633 Testamento
1368 3567 1464 3636 Deus

482 3655 707 3734 ordinaverat,
728 3667 765 3720 ut
786 3666 879 3720 esset
900 3674 985 3720 unus
998 3653 1109 3734 locus,
1130 3657 1187 3720 ubi
1205 3654 1464 3735 sacrificaretur,

482 3742 539 3827 qui
560 3742 653 3826 prius
676 3754 729 3806 est
752 3741 859 3806 dictus
882 3741 1132 3825 tabernaculum,
1160 3743 1278 3808 deinde
1308 3740 1463 3825 templum

480 3847 503 3892 a
524 3825 707 3895 Salomone
729 3839 925 3894 extructum.
977 3827 1085 3891 Nobis
1115 3848 1182 3892 non
1205 3839 1256 3893 εει
1284 3828 1463 3893 nrandatus
1516 3875 1523 3891 .

480 3932 568 3981 unus
590 3910 699 3992 locus,
721 3915 782 3979 sed
805 3935 923 3999 genus.
979 3909 1134 3979 Ecclesia
1166 3916 1243 3979 novi
1262 3912 1464 3981 Testamenti

480 4000 584 4065 habet
605 4001 861 4082 promissionem
885 3996 1113 4083 temporalium
1136 4002 1311 4080 bonorum,
1339 4021 1406 4066 non
1428 4013 1465 4067 ut

479 4084 590 4150 ludaei
624 4087 810 4151 habuerunt
848 4087 882 4151 in
919 4087 1033 4172 specie
1074 4088 1333 4171 promissionem
1366 4089 1463 4153 istius

479 4182 612 4240 terrac:
656 4192 720 4237 noa
753 4170 914 4237 habemus
957 4172 1215 4258 promissionem
1258 4174 1292 4238 in
1356 4194 1463 4255 encre,

480 4262 569 4341 quod
593 4257 688 4324 Deus
721 4261 755 4323 in
793 4258 857 4324 laec
890 4260 959 4324 vita
985 4257 1065 4324 velit
1098 4281 1236 4325 servare
1262 4194 1462 4326 Ecclesiam.

480 4345 537 4406 Sic
559 4343 720 4410 babemus
752 4347 850 4410 etiam
879 4347 1069 4410 mandatum
1102 4346 1306 4432 degenere,
1342 4360 1375 4411 ιιι
1398 4349 1463 4411 sint

479 4426 611 4494 honesti
635 4451 852 4516 congressus,
874 4434 1063 4518 ubicunque
1086 4447 1176 4512 sunt,
1203 4435 1265 4498 sed
1297 4446 1406 4499 tamen
1426 4450 1462 4499 ut

478 4515 546 4580 sint
567 4517 650 4581 certi
673 4531 704 4580 et
728 4520 833 4582 minus
856 4519 1087 4597 schismatum,
1118 4521 1239 4585 bonum
1270 4530 1322 4584 est
1340 4521 1374 4585 lu
1396 4543 1463 4585 uno

478 4599 555 4666 loco
579 4606 769 4667 convenire.
815 4604 894 4667 ldco
916 4601 1042 4670 Paulus
1064 4605 1184 4690 inquit:
1211 4608 1465 4689 Quotiescunque

478 4692 702 4756 coriceneritis.

565 4827 658 4894 Deus
682 4824 752 4894 vult
774 4828 915 4914 agnosci
938 4826 1067 4907 lilium,
1089 4840 1123 4894 et
1139 4831 1202 4894 sibi
1222 4825 1382 4915 colligere
1399 4826 1463 4894 Ec·

480 4912 616 4977 clesiam
640 4917 672 4979 in
697 4926 767 4980 toto
790 4933 914 5002 genere
935 4913 1092 4993 humano,
1122 4928 1157 4980 ct
1178 4916 1266 4980 hanc
1289 4913 1360 4980 vult
1383 4935 1463 4980 con·

477 5001 577 5081 spici:
600 4999 687 5065 hanc
710 5000 782 5066 vult
806 5020 1022 5081 conservare,
1047 5003 1154 5067 dorrec
1178 5012 1289 5068 manet
1310 5003 1462 5070 mundus-

478 5084 575 5150 Sicut
599 5086 723 5151 l'aulus
747 5090 868 5171 inquit=
893 5092 959 5154 Hoc
977 5094 1089 5173 facite,
1111 5092 1213 5155 donce
1235 5091 1368 5154 εειιενίι.
1401 5087 1464 5152 Εει

476 5170 619 5256 pulchra
643 5171 842 5237 consolatio.
886 5174 1009 5240 Demos
1026 5196 1114 5242 mco:
1135 5177 1167 5239 id
1190 5187 1253 5255 est,
1277 5173 1332 5240 ille
1355 5172 1463 5259 publi·

1600 1834 1667 1915 Epo
1688 1835 1854 1914 habitabo,
1884 1835 1989 1920 inquit
2010 1834 2192 1917 Dominus,
2226 1844 2260 1903 tn
2282 1840 2339 1905 er’e.
2391 1837 2497 1925 Igitur

1513 1918 1655 1985 libenter
1676 1922 1750 1987 sitis
1772 1923 1806 1986 in
1818 1924 2059 2009 congressibus
2071 1920 2260 1990 Ecclesiae:
2282 1921 2393 1991 Nolite
2414 1945 2495 1991 cou-

1485 2021 1663 2077 ,temnere
1695 2009 1930 2090 ministerium,
1971 2020 2008 2074 ut
2040 2009 2171 2095 qnidam
2211 2007 2349 2077 sacient·
2414 2010 2498 2079 Dux

480 2144 540 2207 bat
573 2141 721 2227 Capnio:
758 2146 891 2220 Quando
921 2145 1189 2225 conduplicantur
1219 2146 1352 2224 locres,
1387 2129 1489 2206 toncl

1513 2090 1684 2172 albertus,
1705 2114 1789 2159 avus
1811 2093 1909 2162 huius
1933 2095 2027 2160 ducis
2047 2097 2298 2179 potentissimus
2326 2097 2498 2183 princeps,

1486 2210 1489 2235 ι
1514 2199 1589 2245 cum
1611 2180 1708 2245 rediit
1729 2180 1866 2248 Parisiis
1887 2182 1922 2247 in
1943 2182 2094 2267 patriam,
2117 2195 2189 2247 erat
2206 2181 2391 2248 iamsactus
2409 2184 2497 2251 Bac-

1485 2238 1489 2307 l
1513 2263 1688 2331 calaureus
1711 2267 1803 2353 iuris,
1825 2269 1883 2334 ivit
1906 2270 1962 2333 diu
1983 2265 2496 2337 incurcullabaccalaureidoml.

1513 2354 1550 2417 Si
1571 2354 1635 2418 iam
1657 2350 1791 2439 aliquis,
1813 2375 1881 2421 non
1903 2355 1978 2420 dico
2009 2356 2167 2441 princeps
2194 2369 2251 2420 aut
2272 2353 2409 2438 nobiliS,
2435 2356 2498 2423 sed

1513 2438 1600 2503 alius
1618 2442 1748 2505 veniret
1770 2441 1924 2520 domum,
1953 2454 1987 2508 et
2007 2441 2179 2507 incederet
2205 2442 2238 2506 in
2259 2440 2376 2508 habitu
2397 2440 2498 2509 sclro·

1513 2525 1651 2598 lastico,
1686 2528 1764 2612 quid
1796 2528 1944 2595 futurum
1983 2527 2097 2594 esset?
2161 2526 2277 2593 Vestis
2309 2549 2381 2595 non
2416 2526 2499 2597 facit

1514 2610 1727 2693 monachum,
1749 2618 1920 2679 ettamen
1942 2634 2045 2699 saepe
2067 2626 2120 2680 est
2146 2616 2279 2700 signum
2300 2615 2405 2694 vitae,
2438 2612 2497 2682 vel

1487 2697 1672 2778 ·effrcnis,
1713 2696 1769 2764 vel
1809 2701 2003 2779 modestae,
2045 2701 2132 2765 sicot
2169 2701 2252 2765 dixit
2289 2700 2497 2769 Herodotus:

1487 2746 1631 2855 lenter
1657 2788 1803 2869 depostto
1835 2797 1937 2864 ceste,
1968 2790 2101 2870 deponit
2126 2790 2295 2870 paedorem.
2340 2788 2408 2853 Sed
2429 2808 2498 2855 nou

1488 2858 1624 2937 lsolum
1646 2873 1774 2951 mulier,
1797 2873 1978 2938 sedetiam
2001 2870 2212 2940 adolescens,
2248 2872 2377 2941 Ennius
2399 2874 2497 2940 dixitt

1513 2961 1687 3039 Ftapitiurn
1720 2969 1770 3025 eet
1786 2962 1968 3042 principem
1994 2962 2123 3025 nudare
2151 2979 2269 3043 corpure
2291 2966 2378 3026 inter
2398 2964 2496 3027 cioca.

1514 3044 1582 3109 lam
1612 3046 1736 3111 incedit
1767 3047 1921 3115 iuventus
1963 3044 2049 3109 adeo
2090 3047 2298 3125 immodeste,
2338 3058 2380 3119 ut·
2406 3042 2497 3113 oculi

1514 3142 1693 3216 propterea
1716 3131 1812 3197 bonis
1834 3129 1977 3197 doleant.
2363 3132 2366 3139 '

1602 3267 1665 3333 llic
1698 3268 1834 3335 dicitur=
1875 3272 1931 3334 Ver
1962 3274 2145 3351 spelaeorum
2171 3270 2330 3335 iatronem
2356 3269 2503 3351 fecistis:

1516 3353 1580 3428 Qui
1602 3374 1670 3420 non
1693 3366 1797 3441 agunt
1817 3357 2069 3440 poenitentiam,
2096 3352 2222 3420 lbciunt
2245 3372 2284 3418 se
2313 3372 2331 3417 s
2356 3349 2497 3419 eluneas

1515 3438 1691 3520 latronum,
1714 3442 1747 3505 id
1766 3451 1831 3521 εει,
1859 3441 2079 3506 diabolorum.
2134 3440 2191 3507 Sic
2213 3443 2246 3507 in
2269 3374 2438 3519 Ecclesia,
2467 3440 2498 3505 ei

1516 3548 1582 3593 non
1605 3539 1657 3593 est
1679 3524 1833 3612 publicus
1855 3546 2079 3613 congressus,
2114 3538 2172 3593 ant
2199 3529 2230 3592 si
2251 3532 2395 3593 nonest
2418 3544 2498 3613 vera

1515 3616 1685 3694 doctrina,
1717 3625 1797 3679 tune
1819 3612 1856 3678 fit
1877 3612 2038 3698 spelunca
2059 3611 2240 3679 latronumt
2274 3610 2392 3764 quales
2420 3620 2499 3677 sunt

1515 3703 1548 3765 in
1561 3699 1609 3766 Pa
1633 3713 1691 3766 atu
1712 3698 1760 3764 illi
1774 3721 1977 3787 congressus
1990 3700 2210 3784 Papistarum,
2233 3698 2289 3765 ido
2304 3696 2496 3776 clatrorum,

1516 3722 1791 3852 sacridculorum.
1857 3784 2014 3873 Cogitate
2048 3807 2130 3865 vos,
2172 3798 2331 3872 quantum
2368 3784 2500 3849 intersit

1515 3883 1602 3938 mter
1623 3894 1706 3938 vasa
1727 3873 1994 3953 misericordiae,
2027 3884 2061 3938 et
2086 3894 2170 3939 vasa
2192 3874 2278 3939 irae:
2306 3870 2403 3938 Vasa
2429 3872 2500 3937 true

1515 3971 1593 4024 suut
1632 3959 1815 4045 speluncae
1851 3959 2036 4037 latronum,
2077 3962 2133 4049 qui
2169 3980 2236 4024 non
2270 3970 2399 4024 tantum
2434 3956 2499 4022 sibl

1515 4059 1651 4125 nocent,
1674 4048 1734 4111 aed
1757 4048 1855 4112 etiarn
1873 4045 1947 4111 aliis
1960 4044 2090 4123 multis;
2113 4048 2191 4133 quia
2201 4043 2366 4111 Diabolus
2384 4040 2499 4129 impel-

1516 4133 1553 4198 lit
1576 4154 1648 4213 eos,
1669 4145 1705 4200 ut
1726 4146 1870 4200 noceant
1891 4130 2015 4212 multis,
2037 4146 2071 4199 ει
2093 4135 2322 4199 dissensiones
2343 4152 2386 4197 ac
2407 4128 2500 4196 bella

1517 4220 1629 4286 civilia
1650 4233 1819 4287 moveant.
1878 4220 1975 4286 llaud
2005 4221 2104 4286 dubie
2132 4217 2298 4286 Diabolus
2330 4219 2424 4303 cogit
2455 4216 2499 4282 ad

1516 4306 1596 4373 talin
1618 4306 1777 4384 consilia,
1813 4319 1849 4373 ut
1870 4307 2000 4373 Turcac
2033 4309 2252 4373 attrahantur.
2311 4303 2445 4370 Deinde
2476 4302 2500 4368 li

1518 4416 1651 4483 quoque
1673 4397 1724 4460 sic
1746 4397 1910 4473 dicontur,
1932 4415 2072 4479 quorum
2096 4395 2198 4460 corda
2222 4393 2397 4477 captivae
2418 4389 2499 4456 Dia·

1519 4480 1596 4547 bolo
1620 4493 1786 4550 tenentur.
1831 4482 1987 4547 Petamus
2015 4502 2037 4545 a
2059 4480 2177 4559 Patre,
2206 4492 2240 4544 ει
2260 4475 2345 4544 Filio
2368 4488 2403 4542 et
2425 4476 2501 4562 Spl-

1488 4610 1492 4665 Ῑ
1516 4569 1582 4633 ritu
1604 4578 1722 4633 sancto
1744 4569 1836 4653 regi,
1864 4578 1897 4632 et
1920 4566 1990 4631 ficri
2023 4565 2189 4631 domicilia
2217 4576 2251 4632 et
2276 4563 2402 4650 templa
2422 4562 2502 4643 Dei,

1488 4672 1491 4715 ι
1515 4664 1549 4718 ει
1569 4675 1636 4719 non
1659 4652 1803 4741 relinqui
1825 4673 1908 4718 vasa
1929 4654 2012 4734 irae,
2038 4653 2095 4719 vel
2117 4652 2299 4738 speluncae
2319 4649 2501 4729 latronum,

1515 4742 1576 4804 sed
1597 4761 1728 4827 organa
1753 4740 2011 4804 misericordiae.
2056 4739 2197 4805 Davidis
2219 4740 2416 4826 gubernatio
2438 4734 2502 4801 luit

1513 4823 1610 4905 selu,
1644 4830 1722 4912 quia
1751 4824 1811 4891 fuit
1837 4846 1899 4892 vas
1920 4826 2178 4892 misericordiae.
2236 4822 2350 4890 Saulis
2378 4824 2501 4909 guber-

1514 4914 1605 4980 natio
1627 4910 1689 4978 lnit
1708 4910 1835 4993 infelix,
1859 4926 1892 4977 et
1913 4914 2021 4978 minus
2044 4934 2224 4997 prospera,
2253 4912 2330 4998 qnia
2352 4906 2414 4975 luit
2436 4926 2502 4977 vas

1513 5001 1592 5067 irae.
1637 4998 1811 5066 Nerosuit
1845 4997 2006 5084 spelunca
2028 4998 2181 5079 Diaboli,
2214 5010 2248 5063 et
2275 4995 2396 5063 cloaca
2416 4992 2503 5063 mul·

1515 5099 1621 5151 tarum
1643 5084 1816 5174 legionum
1837 5083 1989 5165 Diaboli,
2016 5099 2052 5150 nt
2076 5087 2155 5149 dicit
2182 5096 2310 5150 textus:
2343 5087 2503 5150 oratoria

1514 5176 1649 5240 introvit
1679 5183 1713 5239 tn
1748 5195 1831 5240 earm.
1893 5171 1998 5238 Filius
2032 5172 2096 5236 Dei
2128 5183 2225 5258 regat
2262 5181 2297 5235 et
2334 5172 2505 5255 gubernet

478 5278 538 5322 cns
552 5280 771 5345 congressus,
795 5261 984 5346 ubicunque
1007 5274 1069 5340 est,
1093 5273 1143 5329 eat
1158 5266 1271 5328 domur
1293 5263 1460 5329 orationis.
1485 5246 1492 5325 l
1513 5271 1655 5339 menteS,
1676 5272 1713 5325 ut
1735 5262 1840 5326 simas
1862 5258 1984 5343 templa
2000 5257 2076 5336 Dei,
2100 5271 2134 5323 et
2154 5256 2266 5325 luceat
2288 5254 2347 5321 lux
2369 5269 2504 5337 nostra,

477 5343 565 5416 Quid
602 5332 662 5430 per
697 5348 880 5412 <irationem
913 5346 1091 5434 intelligit?
1143 5347 1299 5435 lntclligit
1327 5350 1462 5414 invoca·

476 5433 598 5494 tiorrcm
646 5454 719 5497 cum
763 5434 938 5510 doctrina;
978 5436 1136 5500 debemus
1181 5455 1303 5501 sonare
1347 5455 1462 5500 veram

476 5517 672 5592 doctrinam}
692 5532 724 5585 et
746 5520 956 5586 incendenda
978 5533 1030 5587 εει
1051 5522 1220 5588 invocatio
1233 5541 1317 5588 voce
1339 5522 1462 5587 doctri·

1512 5358 1550 5413 ut
1572 5344 1779 5435 glorificetur
1801 5346 1902 5413 Pater
1924 5344 2093 5411 coelestis.
