5934 6709
469 669 536 737 bii
779 719 782 726 -
1108 669 1219 738 ΡΗΠι.
1240 668 1346 738 nub.
1367 664 1556 737 sonim
1575 668 1842 739 exedentes.
2177 736 2182 745 ,
2423 667 2494 745 518

471 862 632 945 putiepcs
653 868 792 1009 propter
822 859 976 926 virtutem
994 860 1028 924 in
1049 858 1174 927 militia.
1218 859 1250 926 3.
1273 858 1455 925 Prnetcm
1505 861 1587 926 saie
1607 881 1630 926 c
1650 880 1709 939 mc,
1731 860 1810 946 prtia
1829 860 1918 924 arido
1938 879 2020 939 suin,
2042 850 2333 927 ammae.
2355 857 2490 927 Utrum·

471 968 541 1013 uon
562 951 685 1013 mansit
743 946 877 1010 utonius
905 947 991 1010 intra
1021 959 1144 1026 metas,
1178 966 1213 1007 er
1239 946 1331 1009 woitr
1358 945 1454 1008 allois
1506 967 1570 1033 que
1592 947 1730 1030 prodest
1749 948 1861 1012 nobis.
1904 944 1967 1010 Est
1999 942 2148 1012 bumiiist
2183 945 2275 1033 Ergo
2307 966 2376 1032 non
2409 965 2493 1012 con·

382 1070 389 1079 -
472 1053 561 1118 repra.
590 1032 742 1098 Habebat
762 1030 890 1111 Asiam,
911 1030 1139 1098 florentiorem
1161 1044 1290 1117 partem
1312 1032 1454 1118 Imperii,
1505 1033 1632 1111 temnit,
1655 1053 1722 1101 uon
1745 1034 1886 1118 despicit
1906 1050 1982 1097 nos.
2026 1030 2088 1098 ltu
2110 1033 2320 1119 mitiar'ergc
2343 1030 2493 1099 afficitur

472 1131 507 1187 ct
529 1118 595 1183 bac
616 1129 726 1183 tamen
748 1116 884 1183 nolebat
906 1138 984 1183 esse
1007 1130 1196 1199 contentus,
1217 1118 1283 1181 aad
1304 1117 1454 1181 betdoci
1506 1119 1733 1184 misericordia
1755 1120 1874 1184 nostri·
1901 1115 1963 1183 iila
1985 1119 2208 1199 considerata,
2226 1131 2260 1184 ct
2281 1119 2493 1187 exsuscitabo

472 1205 562 1272 ureb
580 1204 714 1290 pedem,
741 1204 826 1268 dcrm
858 1203 936 1288 ruff
963 1203 1075 1271 diesen
1106 1213 1165 1290 toy
1197 1224 1274 1291 scyn
1294 1224 1370 1290 rnop
1390 1205 1455 1270 dut
1505 1224 1569 1270 vor
1592 1206 1635 1269 ad
1657 1206 1902 1290 precationem,
1934 1214 1969 1270 et
2002 1201 2173 1271 celebrate
2206 1204 2390 1271 Sabbatum
2421 1224 2492 1274 une

539 1300 587 1356 tze
617 1289 795 1355 iiiririsclre
827 1290 947 1358 Rcr'olr:
979 1288 1124 1357 Volebat
1157 1292 1256 1357 etiem
1288 1288 1453 1376 reliquum
1506 1311 1581 1356 oum
1603 1290 1761 1370 Domino,
1792 1292 1948 1357 adiuvate
1981 1291 2270 1358 commotionem
2301 1292 2491 1374 ministerii,

470 1311 649 1464 merium
660 1375 845 1442 Romanum
857 1378 1022 1442 obtinere:
1044 1374 1180 1443 volebat
1192 1375 1288 1443 solus
1298 1396 1452 1464 regnare.
1506 1387 1541 1442 et
1568 1378 1739 1464 adiungite
1760 1388 1896 1443 vestros
1916 1396 2038 1462 preces
2067 1379 2110 1443 ad
2133 1378 2277 1465 gemitus
2307 1387 2341 1443 ct
2362 1376 2492 1445 clamo·

472 1465 507 1530 4.
529 1463 611 1529 item
644 1463 785 1547 despicit
806 1462 1006 1551 Augustum.
1050 1463 1083 1528 5.
1112 1463 1267 1550 Denique
1297 1465 1455 1529 irascitur
1507 1482 1563 1528 res
1584 1460 1778 1544 Ecclesiae,
1799 1459 1882 1546 beist
1908 1463 1992 1530 weit
2013 1463 2131 1537 bium,
2158 1465 2220 1529 rori·
2244 1462 2396 1548 durffctu
2422 1466 2493 1534 ciis

385 1630 389 1640 Ι
472 1548 548 1704 xpp
570 1549 604 1699 ig
632 1549 769 1699 poppis,
791 1549 863 1634 ipse
884 1550 948 1615 sibi
978 1550 1160 1616 consciscit
1184 1561 1335 1621 mortem.
1379 1548 1456 1616 Dus
1506 1548 1598 1615 molti.

543 1642 557 1700 t
605 1655 688 1720 uper
712 1636 754 1700 ie.

559 1719 706 1787 Econtra
731 1717 887 1785 ionathas
909 1731 963 1786 ast
979 1718 1126 1798 humilis,
1150 1720 1242 1786 timet
1251 1720 1371 1794 Deum,
1391 1720 1455 1786 scit

474 1826 515 1874 se
537 1826 604 1873 non
626 1825 729 1891 posse
746 1826 948 1891 asseperom
959 1826 1080 1894 regno:
1104 1805 1254 1894 Cogitate
1276 1806 1455 1872 Bcnescio
1631 1836 1694 1906 EX
1714 1836 1975 1907 RHAPSODIA
1996 1838 2218 1908 Ampms
2239 1840 2361 1908 Am

474 1893 628 1981 Regnum
651 1911 730 1957 esse
751 1912 822 1956 rem
845 1893 926 1956 tanti
949 1893 1077 1966 oneris,
1105 1895 1158 1959 oui
1189 1891 1288 1959 bomo
1312 1903 1454 1958 nonest

473 2000 552 2064 per:
571 1979 779 2044 manetintra
801 1988 907 2043 metas
928 1980 1128 2058 vocationis,
1142 1976 1365 2045 ccditDavid:
1390 1977 1455 2044 Co·
1749 2018 1759 2036 ·
1843 2018 1852 2036 ·
1913 2018 1922 2037 ·

500 2066 577 2130 ‘tate
610 2062 723 2128 David
756 2075 808 2128 est
829 2076 984 2145 vocatus,
1018 2085 1082 2152 ego
1115 2086 1183 2130 nou
1205 2062 1280 2130 sirm
1301 2076 1454 2131 vocatus.
1680 2016 1791 2120 de
1821 2019 2023 2130 fflgmficat
2052 2016 2309 2104 sabbatum?

493 2151 533 2216 cb
553 2152 619 2214 scil!
638 2150 702 2214 dus
723 2171 861 2235 regnum
885 2149 964 2216 Gott
990 2153 1039 2218 nit
1066 2153 1178 2220 stelen.
1222 2151 1277 2217 iob
1306 2152 1360 2216 bin
1380 2152 1454 2216 mci·
1595 2159 1604 2167 '
1895 2190 1899 2197 ·

476 2257 535 2303 cer
562 2235 680 2302 Vetera
709 2238 923 2321 capitaneus;
955 2239 1019 2311 solt
1048 2238 1101 2303 r'cb
1127 2238 1274 2303 duruber
1299 2237 1455 2303 embiora-
1594 2233 1769 2322 Significat
1800 2246 1988 2322 utrumque,
2023 2236 2158 2302 diversa
2193 2237 2392 2322 scriptione:
2425 2237 2492 2304 ne·

474 2342 557 2401 meu,
579 2324 645 2387 cttt
660 2321 729 2389 icles
756 2322 839 2387 catch
867 2324 982 2388 leidcn.
1028 2322 1122 2389 Gerit
1150 2344 1206 2389 res
1235 2321 1399 2389 salutares
1421 2335 1456 2388 et
1508 2322 1609 2407 putica
1632 2329 1663 2386 ct
1690 2323 1844 2407 septimos
1864 2323 1945 2388 ἀίω.
1989 2322 2174 2389 Sabbatum
2200 2333 2275 2389 eret
2294 2325 2367 2389 dios
2389 2344 2489 2410 scep-

475 2406 594 2486 utiics;
618 2408 707 2475 videt
728 2410 792 2473 sibi
814 2409 936 2474 adesse
958 2408 1079 2488 Deum,
1100 2430 1168 2475 uon
1192 2410 1332 2495 despicit
1352 2408 1455 2475 Davi·
1495 2409 1619 2488 timus,
1642 2428 1709 2494 quo
1732 2410 1910 2495 oportebat
1930 2409 2034 2474 omitti
2056 2428 2180 2495 operas
2203 2407 2355 2476 serviles.

476 2497 565 2574 dem,
597 2505 631 2560 et
663 2495 795 2561 subiicit
828 2515 867 2559 se
887 2493 963 2560 Deo
994 2497 1027 2560 in
1073 2516 1169 2562 oenc.
1214 2496 1263 2561 dr
1283 2497 1385 2580 nimpi
1402 2496 1457 2561 dt‘e

476 2580 577 2646 irone
604 2580 708 2665 pieicb
740 2583 792 2646 eis
816 2600 880 2645 eon
908 2583 1024 2646 serirem
1107 2590 1161 2666 pt,
1193 2584 1261 2648 und
1291 2590 1389 2647 setzet
1409 2584 1457 2649 sie

476 2666 598 2732 Davidi
620 2666 708 2749 cerff:
731 2667 780 2732 Er
800 2667 885 2732 betis
906 2667 1029 2732 konnen
1050 2669 1217 2753 droprtim
1237 2669 1279 2734 de
1298 2670 1380 2734 iure.

1533 2739 1649 2844 Quae
1681 2751 1746 2824 cst
1775 2767 1934 2823 summa
1965 2740 2148 2824 mandati
2179 2738 2232 2824 de
2263 2738 2475 2827 Sabbatoi

477 2964 624 3047 Fuitne
656 2964 793 3046 David
830 2964 924 3047 Rex
961 2967 1212 3050 successione
1251 2967 1458 3050 humana?
1511 2918 2491 3097 ,ψἓξὲξῖἶξῷζΡέἶοῧξξὲθζζᾱῑῇῗᾶἐῖῗυξξῖᾘῗέῗ,ἕ

1510 3098 1649 3249 gipozrpni
1658 3116 1808 3181 possum,
1842 3095 1877 3160 in
1908 3093 2026 3161 libello
2060 3093 2307 3161 Euamutionis
2339 3094 2490 3184 symboli

376 3112 380 3123 ’
596 3120 695 3200 item
726 3118 919 3201 fuissetne
949 3120 1052 3223 Rex,
1091 3106 1336 3233 disputando
1377 3220 1381 3227 .

479 3256 481 3259 ³
872 3265 926 3356 de
956 3273 1069 3357 iure?

564 3437 776 3543 despondeo.
789 3438 879 3543 ‘lion
902 3406 1011 3524 agitur
1032 3440 1078 3504 ibi
1097 3440 1139 3503 de
1160 3439 1379 3544 successione
1395 3439 1455 3506 bu·
1553 3428 1769 3540 Distingue
1800 3427 1941 3511 ordine
1972 3441 2191 3543 praecepta
2220 3428 2448 3544 Deculogii

476 3545 587 3604 utana,
609 3526 668 3588 sed
690 3545 743 3589 rus
766 3525 912 3589 dir-inum
935 3525 1048 3590 tribuit
1069 3523 1190 3600 Doridi
1225 3544 1373 3612 regnum.
1408 3525 1456 3590 io·

476 3611 600 3677 nothas
633 3613 676 3676 ist
709 3612 760 3675 cin
788 3611 880 3675 recbt
908 3608 1095 3696 exemplum
1127 3608 1334 3677 humilitatis.
1380 3611 1457 3698 ipse
1597 3611 1712 3677 Prima
1738 3608 2033 3678 tabuia‘eontinat
2059 3611 2243 3680 doctrinam
2279 3609 2392 3679 cuitus
2414 3609 2490 3692 net,

476 3699 609 3766 sciebat
631 3717 709 3762 esse
731 3693 911 3777 alium,‘cui
935 3697 1098 3762 tribuatur
1107 3717 1259 3784 regnum,
1280 3710 1313 3762 et
1325 3699 1455 3784 quidem
1511 3718 1577 3786 quo
1600 3699 1787 3763 immediate
1810 3717 1884 3762 cum
1906 3696 1983 3762 Deo
2004 3698 2144 3783 agimus.
2189 3699 2349 3764 Secunda
2377 3695 2490 3763 tabula

476 3784 649 3850 divinitusr
682 3783 810 3848 sciebat
842 3782 1008 3849 Davidem
1041 3803 1119 3848 esse
1152 3796 1317 3849 vocatum.
1362 3784 1458 3850 Hunc
1511 3786 1656 3851 continet
1677 3804 1794 3868 opera,
1821 3785 1942 3871 quibus
1964 3785 2153 3850 immediate
2175 3786 2306 3870 agimus
2333 3804 2408 3850 euru
2428 3782 2490 3847 bo·

476 3867 639 3935 lonatban
661 3870 775 3953 ponite
798 3869 897 3935 vobis
914 3881 991 3935 anto
1015 3868 1144 3941 oeulos,
1173 3882 1210 3935 ut
1233 3872 1371 3935 discatis
1390 3872 1458 3935 imi·
1511 3872 1669 3945 minibus;
1691 3872 1775 3934 etsi
1798 3871 1884 3935 baec
1905 3871 2004 3934 ctiam
2028 3866 2292 3936 snutreicrenda
2307 3870 2351 3935 od
2364 3868 2491 3937 Deum:

479 3955 542 4021 tari
564 3953 791 4061 bumiiitatem,
812 3967 847 4060 et
869 3956 1006 4021 discetis
1028 3966 1160 4062 patere,
1182 3967 1219 4020 ut
1239 3954 1334 4022 Deus
1362 3968 1459 4043 regat
1512 3957 1589 4044 quia
1610 3975 1743 4042 semper
1765 3965 1902 4062 oportet·
1919 3976 1997 4021 esse
2005 3953 2221 4042 principalem
2236 3955 2335 4062 finoni
2345 3956 2490 4061 ompium

480 4053 624 4195 ituit
638 4039 1460 4215 diuitiisbintffltzattsftti’i‘sstt
1512 4040 2491 4212 ‘stimettitimitudinis„bibistis

481 4217 620 4281 deamus
643 4237 685 4281 ex
707 4211 879 4281 favoribus
900 4215 1080 4281 bominum.
1110 4213 1461 4301 Dosobmpedcncitt,
1513 4218 1682 4282 secundae
1703 4213 1850 4282 tabulae.
1895 4214 1992 4281 Soloi
2014 4216 2094 4301 dr'rtp
2113 4217 2178 4280 soit
2197 4215 2253 4281 iltr
2274 4213 2396 4280 mama
2416 4215 2490 4279 toio-

480 4300 534 4366 icir
555 4302 638 4366 babo
657 4303 722 4367 ciel
738 4298 894 4383 frcundt,
921 4305 969 4366 sie
990 4303 1119 4367 werden
1146 4301 1230 4366 rnicd
1251 4311 1366 4367 rettcn.
1410 4303 1461 4383 io,
1513 4302 1738 4386 eruderavit
1764 4301 1853 4367 nield
1882 4300 2211 4388 complessemus
2256 4298 2412 4388 Cogitate
2432 4320 2489 4366 au·

480 4388 526 4454 du
547 4390 638 4452 wirot
658 4387 741 4452 coiri
757 4391 851 4453 irrues
872 4390 1009 4453 werden.
1514 4387 1612 4478 gelos
1641 4391 1803 4467 assidere,
1835 4400 1868 4453 ct
1889 4384 1995 4453 altura
2015 4389 2134 4467 vobis,
2163 4380 2489 4473 csse'speototoret,

568 4472 710 4546 Quando
732 4472 831 4539 reflat
851 4470 997 4554 fortuna,
1018 4473 1065 4540 So
1085 4474 1186 4540 deicis
1207 4474 1369 4540 cedaar:
1513 4477 1701 4546 auditores,
1735 4488 1769 4540 ct
1799 4475 1927 4541 iudices
1959 4476 2143 4539 studiorum
2175 4485 2376 4540 uestrorum.
2427 4472 2491 4539 itit

1514 4561 1840 4638 nichomediam,
1873 4561 1953 4626 dass
1980 4563 2033 4624 cin
2057 4561 2173 4646 reaper
2199 4560 2285 4626 inei>
2310 4558 2401 4625 nicdt
2427 4558 2491 4625 tas

1516 4650 1630 4713 decem
1652 4653 1845 4732 praecepte,
1876 4647 1945 4711 and
1975 4648 2027 4713 soi
2056 4646 2139 4712 noct
2166 4647 2270 4712 durna
2301 4666 2384 4731 zwep
2410 4647 2492 4711 oder

569 4732 666 4800 item:
688 4731 808 4797 Nullus
829 4733 876 4797 od
897 4734 1037 4798 undosus
1057 4733 1118 4799 rbit
1139 4735 1263 4799 oraim
1283 4749 1371 4817 opes.
1400 4729 1464 4796 Est
1516 4735 1598 4819 drep
1618 4734 1695 4799 ibor
1715 4737 1750 4798 in
1771 4733 1953 4798 Academia
1972 4753 2152 4820 pauescas
2211 4751 2320 4813 ,rnen
2340 4732 2491 4799 eoum

482 4840 611 4887 summa
652 4817 790 4886 stultitia
826 4820 973 4905 pendere
1011 4840 1054 4885 ex
1092 4817 1319 4886 voluntatibus
1357 4816 1462 4884 bomi—
1515 4822 1573 4885 init
1593 4820 1720 4886 braden
1741 4818 1924 4886 mubet'zen:
1957 4822 2016 4884 scic
2047 4839 2083 4886 es
2104 4840 2148 4886 ou
2310 4819 2389 4899 ω,
2424 4816 2493 4884 cat

481 4928 570 4974 num.
1515 4925 1592 4972 mun
1612 4926 1650 4972 ro
1666 4906 1832 4993 nnfldasip
1852 4907 1907 4972 rit.
1951 4906 2047 4971 iaxta
2068 4903 2170 4973 illud:
2252 4909 2281 4972 'c
2301 4907 2402 4992 tepent
2423 4904 2492 4970 Do·

567 4993 643 5059 Das
664 4994 766 5059 lebret
788 4988 943 5056 Christus
968 4991 1073 5058 cibis:
1104 4990 1219 5057 Oranr'r
1239 4993 1300 5077 quo·
1316 5010 1352 5057 so
1372 4993 1462 5056 crci-
1514 4994 1595 5059 mirri
1611 4995 1775 5077 repulisti,
1795 4992 1951 5076 repellam
1973 5001 2014 5058 tc.

468 5086 546 5147 ’tete
568 5081 602 5144 id
624 5090 688 5157 est,
711 5079 835 5155 omnis,
857 5079 914 5163 qui
935 5098 1003 5144 non
1026 5091 1139 5144 munet
1165 5080 1253 5143 intra
1275 5087 1382 5143 metas
1404 5097 1463 5142 vo·
1601 5076 1746 5145 Primum
1778 5089 1991 5165 praeceptum
2023 5078 2161 5165 requirit
2192 5077 2394 5166 agnitorem
2421 5075 2491 5143 veri

481 5167 634 5245 cationis,
657 5165 886 5231 ininitiabitor.
910 5163 1035 5230 Omnes
1058 5184 1121 5230 nos
1143 5166 1303 5231 discimus
1315 5161 1461 5251 aliquam
1515 5164 1593 5246 Dei,
1615 5177 1734 5252 postca
1756 5186 1871 5234 verum
1895 5167 2059 5244 timorem,
2090 5184 2204 5231 veram
2231 5164 2408 5244 fiduciam,
2436 5180 2492 5228 vc·

480 5267 609 5341 partem
638 5251 736 5317 buius
765 5251 953 5333 doetrinae,
983 5263 1101 5317 nostro
1129 5248 1228 5318 malo.
1284 5249 1356 5316 Wir
1386 5250 1463 5317 cittd
1515 5273 1586 5318 ram
1619 5250 1846 5330 dilectionem,
1883 5271 1993 5336 spem,
2025 5249 2260 5331 humilitatem,
2291 5252 2491 5336 patientiam·

481 5341 546 5406 nde
567 5341 677 5416 stoitz,
699 5338 838 5403 dorrnnb
859 5339 987 5404 cerdon
1008 5340 1069 5405 scir
1090 5341 1155 5405 uile
1173 5335 1349 5424 pedonptt.
1394 5336 1462 5402 Hu·
1514 5337 1607 5405 liaeo
1627 5341 1793 5426 pertinent
1814 5338 1857 5403 ad
1885 5339 2084 5403 sententiam
2105 5334 2351 5404 affirmativam.
2395 5336 2491 5402 Prae·

480 5424 616 5493 nriilima
637 5445 784 5510 persona
808 5428 842 5490 in
872 5437 942 5491 toto
970 5445 1095 5512 genere
1116 5425 1261 5492 humano
1283 5436 1336 5490 est
1356 5421 1460 5490 bilius
1514 5435 1607 5491 terea
1628 5426 1781 5510 prohibet
1801 5420 1867 5490 coli
1888 5422 1965 5503 alia,
1988 5444 2076 5512 quae
2097 5444 2165 5492 non
2187 5434 2266 5491 sunt
2287 5443 2370 5489 rere
2386 5421 2492 5503 nsua

479 5512 559 5579 Dei:
585 5514 662 5598 quia
682 5513 756 5597 ipse
777 5512 871 5576 novit.
891 5513 1033 5577 niaximc
1054 5510 1174 5577 Deum.
1201 5508 1295 5598 Ergo
1316 5510 1461 5579 maxime
1514 5512 1607 5578 iuxta
1626 5508 1883 5598 patefactionem
1905 5511 2004 5576 nobis
2027 5512 2191 5595 traditam
2204 5499 2492 5591 induciariadnt

481 5620 520 5668 se
538 5599 651 5666 abiicit
672 5596 760 5664 inira
782 5598 902 5665 Deum.
945 5597 1099 5664 Deramb
1118 5605 1195 5682 rapt
1216 5615 1255 5662 er
1276 5597 1375 5662 oreb:
1398 5592 1461 5662 na·-
1512 5600 1559 5664 r'st
1577 5599 1694 5685 depdes
1712 5599 1747 5662 in
1766 5599 1875 5686 prirno
1898 5606 2091 5684 praecepto.

611 4594 669 4659 tlte
689 4602 765 4660 tuns
784 4614 910 4678 pertram
931 4604 999 4660 tum
1020 4598 1085 4661 cito
1105 4597 1206 4661 uertit
1239 4613 1342 4660 oram.
