<?xml version="1.0" encoding="UTF-8"?>
<!DOCTYPE html PUBLIC "-//W3C//DTD XHTML 1.0 Transitional//EN"
    "http://www.w3.org/TR/xhtml1/DTD/xhtml1-transitional.dtd">
<html xmlns="http://www.w3.org/1999/xhtml" xml:lang="en" lang="en">
 <head>
  <title>
</title>
<meta http-equiv="Content-Type" content="text/html;charset=utf-8" />
  <meta name='ocr-system' content='tesseract 3.04.00' />
  <meta name='ocr-capabilities' content='ocr_page ocr_carea ocr_par ocr_line ocrx_word'/>
</head>
<body>
  <div class='ocr_page' id='page_1' title='image "./philippimelanth06melagoog_0325.png"; bbox 0 0 5934 6709; ppageno 0'>
   <div class='ocr_carea' id='block_1_1' title="bbox 473 652 2505 786">
    <p class='ocr_par' dir='ltr' id='par_1_1' title="bbox 473 652 2505 786">
     <span class='ocr_line' id='line_1_1' title="bbox 473 652 2505 786; baseline -0.002 0"><span class='ocrx_word' id='word_1_1' title='bbox 473 719 537 786; x_wconf 77' lang='grc'><strong>647</strong></span> <span class='ocrx_word' id='word_1_2' title='bbox 1107 715 1220 782; x_wconf 75' lang='lat' dir='ltr'><strong>l&#39;llll..</strong></span> <span class='ocrx_word' id='word_1_3' title='bbox 1242 713 1348 782; x_wconf 73' lang='lat' dir='ltr'><strong>utha.</strong></span> <span class='ocrx_word' id='word_1_4' title='bbox 1371 711 1561 781; x_wconf 80' lang='lat' dir='ltr'><strong>SCRlP&#39;l&#39;A</strong></span> <span class='ocrx_word' id='word_1_5' title='bbox 1582 711 1848 781; x_wconf 66' lang='lat' dir='ltr'><strong>maurice</strong></span> <span class='ocrx_word' id='word_1_6' title='bbox 2421 652 2505 781; x_wconf 60' lang='lat' dir='ltr'><strong>w·</strong></span> 
     </span>
    </p>
   </div>
   <div class='ocr_carea' id='block_1_2' title="bbox 401 900 2528 5722">
    <p class='ocr_par' dir='ltr' id='par_1_2' title="bbox 401 900 2528 5722">
     <span class='ocr_line' id='line_1_2' title="bbox 475 900 2490 994; baseline -0.002 -21"><span class='ocrx_word' id='word_1_7' title='bbox 475 920 508 973; x_wconf 89' lang='lat' dir='ltr'><strong>et</strong></span> <span class='ocrx_word' id='word_1_8' title='bbox 524 918 643 994; x_wconf 87' lang='lat' dir='ltr'><strong>pastor</strong></span> <span class='ocrx_word' id='word_1_9' title='bbox 663 918 741 972; x_wconf 86' lang='lat' dir='ltr'><strong>sunt</strong></span> <span class='ocrx_word' id='word_1_10' title='bbox 767 905 863 974; x_wconf 90' lang='lat' dir='ltr'><strong>amici</strong></span> <span class='ocrx_word' id='word_1_11' title='bbox 887 902 1029 983; x_wconf 77' lang='lat' dir='ltr'><strong>Christi,</strong></span> <span class='ocrx_word' id='word_1_12' title='bbox 1064 919 1097 970; x_wconf 89' lang='lat' dir='ltr'><strong>et</strong></span> <span class='ocrx_word' id='word_1_13' title='bbox 1131 905 1173 970; x_wconf 89' lang='lat' dir='ltr'><strong>de</strong></span> <span class='ocrx_word' id='word_1_14' title='bbox 1207 904 1278 969; x_wconf 86' lang='lat' dir='ltr'><strong>eius</strong></span> <span class='ocrx_word' id='word_1_15' title='bbox 1312 900 1454 969; x_wconf 91' lang='lat' dir='ltr'><strong>consilio</strong></span> <span class='ocrx_word' id='word_1_16' title='bbox 1505 900 1561 968; x_wconf 89' lang='lat' dir='ltr'><strong>hic</strong></span> <span class='ocrx_word' id='word_1_17' title='bbox 1583 902 1781 982; x_wconf 85' lang='lat' dir='ltr'><strong>discurritis,</strong></span> <span class='ocrx_word' id='word_1_18' title='bbox 1814 914 1848 967; x_wconf 92' lang='lat' dir='ltr'><strong>et</strong></span> <span class='ocrx_word' id='word_1_19' title='bbox 1870 921 1938 967; x_wconf 91' lang='lat' dir='ltr'><strong>non</strong></span> <span class='ocrx_word' id='word_1_20' title='bbox 1960 900 2193 981; x_wconf 83' lang='lat' dir='ltr'><strong>inscribimtul,</strong></span> <span class='ocrx_word' id='word_1_21' title='bbox 2224 914 2263 969; x_wconf 90' lang='lat' dir='ltr'><strong>ut</strong></span> <span class='ocrx_word' id='word_1_22' title='bbox 2281 901 2334 967; x_wconf 84' lang='lat' dir='ltr'><strong>alc</strong></span> <span class='ocrx_word' id='word_1_23' title='bbox 2349 901 2490 988; x_wconf 79' lang='lat' dir='ltr'><strong>possitis</strong></span> 
     </span>
     <span class='ocr_line' id='line_1_3' title="bbox 475 985 2489 1078; baseline -0.002 -19"><span class='ocrx_word' id='word_1_24' title='bbox 475 994 585 1060; x_wconf 89' lang='lat' dir='ltr'><strong>omnia</strong></span> <span class='ocrx_word' id='word_1_25' title='bbox 607 1007 719 1078; x_wconf 86' lang='lat' dir='ltr'><strong>agunt.</strong></span> <span class='ocrx_word' id='word_1_26' title='bbox 1506 1007 1620 1074; x_wconf 85' lang='lat' dir='ltr'><strong>agere,</strong></span> <span class='ocrx_word' id='word_1_27' title='bbox 1643 1000 1861 1074; x_wconf 80' lang='lat' dir='ltr'><strong>quaecuuque</strong></span> <span class='ocrx_word' id='word_1_28' title='bbox 1882 986 1996 1055; x_wconf 84' lang='lat' dir='ltr'><strong>vultis.</strong></span> <span class='ocrx_word' id='word_1_29' title='bbox 2031 987 2115 1055; x_wconf 88' lang='lat' dir='ltr'><strong>Cum</strong></span> <span class='ocrx_word' id='word_1_30' title='bbox 2135 985 2316 1074; x_wconf 87' lang='lat' dir='ltr'><strong>aliquando</strong></span> <span class='ocrx_word' id='word_1_31' title='bbox 2333 988 2489 1054; x_wconf 72' lang='lat' dir='ltr'><strong>seniores</strong></span> 
     </span>
     <span class='ocr_line' id='line_1_4' title="bbox 1505 1071 2490 1161; baseline 0.001 -22"><span class='ocrx_word' id='word_1_32' title='bbox 1505 1072 1587 1139; x_wconf 82' lang='lat' dir='ltr'><strong>lacti</strong></span> <span class='ocrx_word' id='word_1_33' title='bbox 1607 1072 1749 1154; x_wconf 77' lang='lat' dir='ltr'><strong>tuentis,</strong></span> <span class='ocrx_word' id='word_1_34' title='bbox 1771 1086 1851 1141; x_wconf 90' lang='lat' dir='ltr'><strong>tuuc</strong></span> <span class='ocrx_word' id='word_1_35' title='bbox 1869 1075 2035 1154; x_wconf 85' lang='lat' dir='ltr'><strong>videbitis,</strong></span> <span class='ocrx_word' id='word_1_36' title='bbox 2057 1071 2358 1161; x_wconf 63' lang='lat' dir='ltr'><strong>quanturutreterat</strong></span> <span class='ocrx_word' id='word_1_37' title='bbox 2375 1075 2490 1141; x_wconf 84' lang='lat' dir='ltr'><strong>mode·</strong></span> 
     </span>
     <span class='ocr_line' id='line_1_5' title="bbox 475 1146 2490 1257; baseline 0.002 -33"><span class='ocrx_word' id='word_1_38' title='bbox 475 1152 611 1257; x_wconf 71' lang='lat' dir='ltr'><strong>Quare</strong></span> <span class='ocrx_word' id='word_1_39' title='bbox 643 1150 827 1238; x_wconf 78' lang='lat' dir='ltr'><strong>Christus</strong></span> <span class='ocrx_word' id='word_1_40' title='bbox 864 1150 922 1236; x_wconf 88' lang='lat' dir='ltr'><strong>ibi</strong></span> <span class='ocrx_word' id='word_1_41' title='bbox 952 1150 1169 1254; x_wconf 75' lang='lat' dir='ltr'><strong>habitavit,</strong></span> <span class='ocrx_word' id='word_1_42' title='bbox 1208 1178 1303 1232; x_wconf 85' lang='lat' dir='ltr'><strong>cum</strong></span> <span class='ocrx_word' id='word_1_43' title='bbox 1332 1146 1455 1233; x_wconf 80' lang='lat' dir='ltr'><strong>fuerit</strong></span> <span class='ocrx_word' id='word_1_44' title='bbox 1505 1160 1573 1224; x_wconf 91' lang='lat' dir='ltr'><strong>rari</strong></span> <span class='ocrx_word' id='word_1_45' title='bbox 1605 1180 1661 1239; x_wconf 84' lang='lat' dir='ltr'><strong>se,</strong></span> <span class='ocrx_word' id='word_1_46' title='bbox 1695 1173 1730 1227; x_wconf 89' lang='lat' dir='ltr'><strong>et</strong></span> <span class='ocrx_word' id='word_1_47' title='bbox 1761 1158 1971 1247; x_wconf 75' lang='lat' dir='ltr'><strong>disciplinam</strong></span> <span class='ocrx_word' id='word_1_48' title='bbox 2002 1156 2193 1227; x_wconf 77' lang='lat' dir='ltr'><strong>defendere.</strong></span> <span class='ocrx_word' id='word_1_49' title='bbox 2247 1160 2343 1227; x_wconf 83' lang='lat' dir='ltr'><strong>Unus</strong></span> <span class='ocrx_word' id='word_1_50' title='bbox 2375 1158 2490 1229; x_wconf 78' lang='lat' dir='ltr'><strong>malus</strong></span> 
     </span>
     <span class='ocr_line' id='line_1_6' title="bbox 801 1245 2528 1420; baseline 0.003 -25"><span class='ocrx_word' id='word_1_51' title='bbox 801 1303 856 1356; x_wconf 71' lang='lat' dir='ltr'><strong>ex</strong></span> <span class='ocrx_word' id='word_1_52' title='bbox 896 1269 1130 1373; x_wconf 58' lang='lat' dir='ltr'><strong>...nn</strong></span> <span class='ocrx_word' id='word_1_53' title='bbox 1504 1245 1727 1398; x_wconf 62' lang='lat' dir='ltr'><strong>ututur</strong></span> <span class='ocrx_word' id='word_1_54' title='bbox 1748 1247 2303 1419; x_wconf 54' lang='lat' dir='ltr'><strong>tritenrtutrruttt</strong></span> <span class='ocrx_word' id='word_1_55' title='bbox 2317 1247 2528 1420; x_wconf 70' lang='lat' dir='ltr'><strong>utra</strong></span> 
     </span>
     <span class='ocr_line' id='line_1_7' title="bbox 560 1410 2516 1505; baseline -0.002 -18"><span class='ocrx_word' id='word_1_56' title='bbox 560 1421 647 1496; x_wconf 88' lang='lat' dir='ltr'><strong>Quia</strong></span> <span class='ocrx_word' id='word_1_57' title='bbox 681 1420 847 1486; x_wconf 74' lang='lat' dir='ltr'><strong>Nazareth</strong></span> <span class='ocrx_word' id='word_1_58' title='bbox 886 1419 1071 1485; x_wconf 79' lang='lat' dir='ltr'><strong>immediate</strong></span> <span class='ocrx_word' id='word_1_59' title='bbox 1104 1415 1166 1484; x_wconf 89' lang='lat' dir='ltr'><strong>luit</strong></span> <span class='ocrx_word' id='word_1_60' title='bbox 1203 1419 1266 1483; x_wconf 88' lang='lat' dir='ltr'><strong>sub</strong></span> <span class='ocrx_word' id='word_1_61' title='bbox 1299 1416 1452 1499; x_wconf 85' lang='lat' dir='ltr'><strong>llerode;</strong></span> <span class='ocrx_word' id='word_1_62' title='bbox 1505 1412 1651 1503; x_wconf 85' lang='lat' dir='ltr'><strong>Physici.</strong></span> <span class='ocrx_word' id='word_1_63' title='bbox 1706 1418 1893 1485; x_wconf 76' lang='lat' dir='ltr'><strong>Possumus</strong></span> <span class='ocrx_word' id='word_1_64' title='bbox 1926 1439 2072 1505; x_wconf 85' lang='lat' dir='ltr'><strong>corpora</strong></span> <span class='ocrx_word' id='word_1_65' title='bbox 2098 1415 2232 1486; x_wconf 78' lang='lat' dir='ltr'><strong>facilius</strong></span> <span class='ocrx_word' id='word_1_66' title='bbox 2260 1410 2516 1503; x_wconf 75' lang='lat' dir='ltr'><strong>corrumpere,¹</strong></span> 
     </span>
     <span class='ocr_line' id='line_1_8' title="bbox 475 1502 2491 1593; baseline -0.001 -19"><span class='ocrx_word' id='word_1_67' title='bbox 475 1507 536 1574; x_wconf 90' lang='lat' dir='ltr'><strong>sed</strong></span> <span class='ocrx_word' id='word_1_68' title='bbox 559 1506 767 1593; x_wconf 86' lang='lat' dir='ltr'><strong>Capernaum</strong></span> <span class='ocrx_word' id='word_1_69' title='bbox 793 1505 854 1572; x_wconf 87' lang='lat' dir='ltr'><strong>iuit</strong></span> <span class='ocrx_word' id='word_1_70' title='bbox 885 1504 1071 1570; x_wconf 80' lang='lat' dir='ltr'><strong>immediate</strong></span> <span class='ocrx_word' id='word_1_71' title='bbox 1103 1506 1167 1571; x_wconf 90' lang='lat' dir='ltr'><strong>sub</strong></span> <span class='ocrx_word' id='word_1_72' title='bbox 1190 1502 1361 1570; x_wconf 86' lang='lat' dir='ltr'><strong>Romanis.</strong></span> <span class='ocrx_word' id='word_1_73' title='bbox 1415 1502 1454 1568; x_wconf 90' lang='lat' dir='ltr'><strong>Si</strong></span> <span class='ocrx_word' id='word_1_74' title='bbox 1505 1521 1604 1587; x_wconf 83' lang='lat' dir='ltr'><strong>quarn</strong></span> <span class='ocrx_word' id='word_1_75' title='bbox 1626 1504 1746 1570; x_wconf 89' lang='lat' dir='ltr'><strong>medici</strong></span> <span class='ocrx_word' id='word_1_76' title='bbox 1764 1506 1939 1570; x_wconf 87' lang='lat' dir='ltr'><strong>restituere</strong></span> <span class='ocrx_word' id='word_1_77' title='bbox 1961 1506 2107 1571; x_wconf 86' lang='lat' dir='ltr'><strong>sanitati.</strong></span> <span class='ocrx_word' id='word_1_78' title='bbox 2151 1504 2236 1571; x_wconf 90' lang='lat' dir='ltr'><strong>Cum</strong></span> <span class='ocrx_word' id='word_1_79' title='bbox 2256 1506 2301 1571; x_wconf 84' lang='lat' dir='ltr'><strong>ad</strong></span> <span class='ocrx_word' id='word_1_80' title='bbox 2322 1505 2491 1592; x_wconf 84' lang='lat' dir='ltr'><strong>regimina</strong></span> 
     </span>
     <span class='ocr_line' id='line_1_9' title="bbox 473 1587 2490 1676; baseline -0.001 -17"><span class='ocrx_word' id='word_1_81' title='bbox 473 1595 652 1660; x_wconf 84' lang='lat' dir='ltr'><strong>mansisset</strong></span> <span class='ocrx_word' id='word_1_82' title='bbox 682 1592 836 1658; x_wconf 81' lang='lat' dir='ltr'><strong>Christus</strong></span> <span class='ocrx_word' id='word_1_83' title='bbox 876 1591 909 1656; x_wconf 92' lang='lat' dir='ltr'><strong>in</strong></span> <span class='ocrx_word' id='word_1_84' title='bbox 942 1587 1125 1670; x_wconf 77' lang='lat' dir='ltr'><strong>Nazareth,</strong></span> <span class='ocrx_word' id='word_1_85' title='bbox 1164 1602 1245 1656; x_wconf 92' lang='lat' dir='ltr'><strong>tunc</strong></span> <span class='ocrx_word' id='word_1_86' title='bbox 1279 1589 1375 1655; x_wconf 89' lang='lat' dir='ltr'><strong>citius</strong></span> <span class='ocrx_word' id='word_1_87' title='bbox 1408 1589 1451 1654; x_wconf 90' lang='lat' dir='ltr'><strong>ab</strong></span> <span class='ocrx_word' id='word_1_88' title='bbox 1505 1590 1677 1668; x_wconf 76' lang='lat' dir='ltr'><strong>tenentis,</strong></span> <span class='ocrx_word' id='word_1_89' title='bbox 1700 1612 1764 1657; x_wconf 90' lang='lat' dir='ltr'><strong>vos</strong></span> <span class='ocrx_word' id='word_1_90' title='bbox 1788 1590 1955 1669; x_wconf 90' lang='lat' dir='ltr'><strong>videbitis,</strong></span> <span class='ocrx_word' id='word_1_91' title='bbox 1977 1604 2135 1676; x_wconf 85' lang='lat' dir='ltr'><strong>quantum</strong></span> <span class='ocrx_word' id='word_1_92' title='bbox 2157 1610 2244 1676; x_wconf 91' lang='lat' dir='ltr'><strong>opus</strong></span> <span class='ocrx_word' id='word_1_93' title='bbox 2266 1592 2321 1670; x_wconf 83' lang='lat' dir='ltr'><strong>sit,</strong></span> <span class='ocrx_word' id='word_1_94' title='bbox 2350 1610 2490 1657; x_wconf 84' lang='lat' dir='ltr'><strong>couscr-</strong></span> 
     </span>
     <span class='ocr_line' id='line_1_10' title="bbox 474 1673 2491 1765; baseline -0.001 -20"><span class='ocrx_word' id='word_1_95' title='bbox 474 1679 607 1745; x_wconf 88' lang='lat' dir='ltr'><strong>llerode</strong></span> <span class='ocrx_word' id='word_1_96' title='bbox 629 1691 748 1763; x_wconf 86' lang='lat' dir='ltr'><strong>captus</strong></span> <span class='ocrx_word' id='word_1_97' title='bbox 770 1677 905 1744; x_wconf 83' lang='lat' dir='ltr'><strong>luissett</strong></span> <span class='ocrx_word' id='word_1_98' title='bbox 927 1677 988 1741; x_wconf 90' lang='lat' dir='ltr'><strong>sed</strong></span> <span class='ocrx_word' id='word_1_99' title='bbox 1009 1673 1119 1741; x_wconf 83' lang='lat' dir='ltr'><strong>iactus</strong></span> <span class='ocrx_word' id='word_1_100' title='bbox 1141 1689 1194 1741; x_wconf 86' lang='lat' dir='ltr'><strong>est</strong></span> <span class='ocrx_word' id='word_1_101' title='bbox 1222 1675 1305 1742; x_wconf 87' lang='lat' dir='ltr'><strong>civis</strong></span> <span class='ocrx_word' id='word_1_102' title='bbox 1328 1673 1452 1760; x_wconf 89' lang='lat' dir='ltr'><strong>Cuper-</strong></span> <span class='ocrx_word' id='word_1_103' title='bbox 1503 1692 1585 1740; x_wconf 84' lang='lat' dir='ltr'><strong>vare</strong></span> <span class='ocrx_word' id='word_1_104' title='bbox 1608 1673 1777 1760; x_wconf 87' lang='lat' dir='ltr'><strong>politicum</strong></span> <span class='ocrx_word' id='word_1_105' title='bbox 1795 1677 1860 1743; x_wconf 93' lang='lat' dir='ltr'><strong>ius.</strong></span> <span class='ocrx_word' id='word_1_106' title='bbox 1914 1674 1992 1742; x_wconf 83' lang='lat' dir='ltr'><strong>Non</strong></span> <span class='ocrx_word' id='word_1_107' title='bbox 2046 1688 2137 1763; x_wconf 76' lang='lat' dir='ltr'><strong>utute</strong></span> <span class='ocrx_word' id='word_1_108' title='bbox 2160 1673 2353 1761; x_wconf 84' lang='lat' dir='ltr'><strong>pulchrum,</strong></span> <span class='ocrx_word' id='word_1_109' title='bbox 2382 1674 2491 1765; x_wconf 87' lang='lat' dir='ltr'><strong>negli-</strong></span> 
     </span>
     <span class='ocr_line' id='line_1_11' title="bbox 473 1698 2491 1847; baseline -0 -15"><span class='ocrx_word' id='word_1_110' title='bbox 473 1785 584 1844; x_wconf 88' lang='lat' dir='ltr'><strong>naum,</strong></span> <span class='ocrx_word' id='word_1_111' title='bbox 606 1778 641 1830; x_wconf 90' lang='lat' dir='ltr'><strong>ut</strong></span> <span class='ocrx_word' id='word_1_112' title='bbox 663 1779 754 1830; x_wconf 86' lang='lat' dir='ltr'><strong>esset</strong></span> <span class='ocrx_word' id='word_1_113' title='bbox 774 1776 865 1831; x_wconf 87' lang='lat' dir='ltr'><strong>tutus</strong></span> <span class='ocrx_word' id='word_1_114' title='bbox 887 1762 1058 1847; x_wconf 85' lang='lat' dir='ltr'><strong>usquead</strong></span> <span class='ocrx_word' id='word_1_115' title='bbox 1079 1776 1226 1847; x_wconf 87' lang='lat' dir='ltr'><strong>tempus,</strong></span> <span class='ocrx_word' id='word_1_116' title='bbox 1249 1783 1316 1847; x_wconf 92' lang='lat' dir='ltr'><strong>quo</strong></span> <span class='ocrx_word' id='word_1_117' title='bbox 1338 1757 1452 1826; x_wconf 89' lang='lat' dir='ltr'><strong>absol·</strong></span> <span class='ocrx_word' id='word_1_118' title='bbox 1529 1780 1588 1826; x_wconf 87' lang='lat' dir='ltr'><strong>ere</strong></span> <span class='ocrx_word' id='word_1_119' title='bbox 1609 1764 1720 1827; x_wconf 91' lang='lat' dir='ltr'><strong>omnia</strong></span> <span class='ocrx_word' id='word_1_120' title='bbox 1741 1765 1831 1842; x_wconf 86' lang='lat' dir='ltr'><strong>iura,</strong></span> <span class='ocrx_word' id='word_1_121' title='bbox 1862 1775 1897 1827; x_wconf 91' lang='lat' dir='ltr'><strong>et</strong></span> <span class='ocrx_word' id='word_1_122' title='bbox 1929 1698 2063 1830; x_wconf 65' lang='lat' dir='ltr'><strong>vincula</strong></span> <span class='ocrx_word' id='word_1_123' title='bbox 2083 1761 2250 1830; x_wconf 76' lang='lat' dir='ltr'><strong>hnmanae</strong></span> <span class='ocrx_word' id='word_1_124' title='bbox 2271 1764 2449 1830; x_wconf 81' lang='lat' dir='ltr'><strong>societatis</strong></span> <span class='ocrx_word' id='word_1_125' title='bbox 2467 1784 2491 1831; x_wconf 85' lang='lat' dir='ltr'><strong>a</strong></span> 
     </span>
     <span class='ocr_line' id='line_1_12' title="bbox 472 1844 1729 1935; baseline -0.003 -19"><span class='ocrx_word' id='word_1_126' title='bbox 472 1853 580 1917; x_wconf 85' lang='lat' dir='ltr'><strong>visset</strong></span> <span class='ocrx_word' id='word_1_127' title='bbox 612 1853 891 1935; x_wconf 80' lang='lat' dir='ltr'><strong>praedicationem</strong></span> <span class='ocrx_word' id='word_1_128' title='bbox 925 1869 1030 1914; x_wconf 84' lang='lat' dir='ltr'><strong>suurn.</strong></span> <span class='ocrx_word' id='word_1_129' title='bbox 1089 1844 1210 1934; x_wconf 87' lang='lat' dir='ltr'><strong>Reguli</strong></span> <span class='ocrx_word' id='word_1_130' title='bbox 1241 1846 1453 1912; x_wconf 85' lang='lat' dir='ltr'><strong>abstinebant</strong></span> <span class='ocrx_word' id='word_1_131' title='bbox 1537 1866 1578 1913; x_wconf 90' lang='lat' dir='ltr'><strong>eo</strong></span> <span class='ocrx_word' id='word_1_132' title='bbox 1599 1849 1729 1913; x_wconf 87' lang='lat' dir='ltr'><strong>tradita.</strong></span> 
     </span>
     <span class='ocr_line' id='line_1_13' title="bbox 474 1933 1451 2037; baseline -0.003 -35"><span class='ocrx_word' id='word_1_133' title='bbox 474 1959 495 2002; x_wconf 87' lang='lat' dir='ltr'><strong>a</strong></span> <span class='ocrx_word' id='word_1_134' title='bbox 517 1937 645 2004; x_wconf 86' lang='lat' dir='ltr'><strong>civibus</strong></span> <span class='ocrx_word' id='word_1_135' title='bbox 668 1949 701 2002; x_wconf 88' lang='lat' dir='ltr'><strong>et</strong></span> <span class='ocrx_word' id='word_1_136' title='bbox 722 1937 910 2023; x_wconf 86' lang='lat' dir='ltr'><strong>oppidanis,</strong></span> <span class='ocrx_word' id='word_1_137' title='bbox 932 1935 988 2022; x_wconf 93' lang='lat' dir='ltr'><strong>qui</strong></span> <span class='ocrx_word' id='word_1_138' title='bbox 1003 1933 1163 1999; x_wconf 85' lang='lat' dir='ltr'><strong>Romanis</strong></span> <span class='ocrx_word' id='word_1_139' title='bbox 1178 1934 1319 2037; x_wconf 75' lang='lat' dir='ltr'><strong>subiecti</strong></span> <span class='ocrx_word' id='word_1_140' title='bbox 1342 1942 1451 1999; x_wconf 87' lang='lat' dir='ltr'><strong>crant:</strong></span> 
     </span>
     <span class='ocr_line' id='line_1_14' title="bbox 473 2020 2439 2194; baseline -0.002 -21"><span class='ocrx_word' id='word_1_141' title='bbox 473 2023 780 2194; x_wconf 47' lang='lat' dir='ltr'><strong>{hildimini</strong></span> <span class='ocrx_word' id='word_1_142' title='bbox 799 2020 1451 2190; x_wconf 63' lang='lat' dir='ltr'><strong>*illitt&#39;t‘ttutt,‘¹ti¹t⁶.l⁰tt</strong></span> <span class='ocrx_word' id='word_1_143' title='bbox 1555 2040 1753 2154; x_wconf 66' lang='lat' dir='ltr'><strong>P⁸s⁸¹&gt;⁷⁸¹³</strong></span> <span class='ocrx_word' id='word_1_144' title='bbox 1784 2057 1827 2125; x_wconf 67' lang='lat' dir='ltr'><strong>a</strong></span> <span class='ocrx_word' id='word_1_145' title='bbox 1852 2056 2059 2153; x_wconf 60' lang='lat' dir='ltr'><strong>cumps.</strong></span> <span class='ocrx_word' id='word_1_146' title='bbox 2089 2042 2188 2155; x_wconf 64' lang='lat' dir='ltr'><strong>rud</strong></span> <span class='ocrx_word' id='word_1_147' title='bbox 2218 2043 2439 2132; x_wconf 60' lang='lat' dir='ltr'><strong>fflffefflssii</strong></span> 
     </span>
     <span class='ocr_line' id='line_1_15' title="bbox 474 2187 2489 2278; baseline -0.002 -18"><span class='ocrx_word' id='word_1_148' title='bbox 474 2196 617 2274; x_wconf 78' lang='lat' dir='ltr'><strong>piantur,</strong></span> <span class='ocrx_word' id='word_1_149' title='bbox 650 2206 684 2259; x_wconf 87' lang='lat' dir='ltr'><strong>et</strong></span> <span class='ocrx_word' id='word_1_150' title='bbox 716 2197 794 2260; x_wconf 88' lang='lat' dir='ltr'><strong>bour</strong></span> <span class='ocrx_word' id='word_1_151' title='bbox 828 2191 1061 2260; x_wconf 82' lang='lat' dir='ltr'><strong>defendantur:</strong></span> <span class='ocrx_word' id='word_1_152' title='bbox 1096 2203 1131 2257; x_wconf 93' lang='lat' dir='ltr'><strong>et</strong></span> <span class='ocrx_word' id='word_1_153' title='bbox 1163 2211 1261 2278; x_wconf 88' lang='lat' dir='ltr'><strong>quam</strong></span> <span class='ocrx_word' id='word_1_154' title='bbox 1290 2193 1346 2256; x_wconf 90' lang='lat' dir='ltr'><strong>diu</strong></span> <span class='ocrx_word' id='word_1_155' title='bbox 1367 2191 1452 2256; x_wconf 89' lang='lat' dir='ltr'><strong>haec</strong></span> <span class='ocrx_word' id='word_1_156' title='bbox 1589 2187 1787 2275; x_wconf 79' lang='lat' dir='ltr'><strong>Apoplexia,</strong></span> <span class='ocrx_word' id='word_1_157' title='bbox 1810 2190 1868 2252; x_wconf 81' lang='lat' dir='ltr'><strong>der</strong></span> <span class='ocrx_word' id='word_1_158' title='bbox 1895 2190 2023 2272; x_wconf 79' lang='lat' dir='ltr'><strong>seldap,</strong></span> <span class='ocrx_word' id='word_1_159' title='bbox 2045 2204 2082 2257; x_wconf 93' lang='lat' dir='ltr'><strong>ut</strong></span> <span class='ocrx_word' id='word_1_160' title='bbox 2103 2191 2260 2259; x_wconf 75' lang='lat' dir='ltr'><strong>dicimusz</strong></span> <span class='ocrx_word' id='word_1_161' title='bbox 2289 2192 2350 2254; x_wconf 82' lang='lat' dir='ltr'><strong>der</strong></span> <span class='ocrx_word' id='word_1_162' title='bbox 2376 2191 2489 2275; x_wconf 61' lang='lat' dir='ltr'><strong>aella,</strong></span> 
     </span>
     <span class='ocr_line' id='line_1_16' title="bbox 474 2273 2489 2362; baseline -0.003 -16"><span class='ocrx_word' id='word_1_163' title='bbox 474 2279 702 2355; x_wconf 83' lang='lat' dir='ltr'><strong>officialium,</strong></span> <span class='ocrx_word' id='word_1_164' title='bbox 736 2294 801 2345; x_wconf 85' lang='lat' dir='ltr'><strong>tum</strong></span> <span class='ocrx_word' id='word_1_165' title='bbox 824 2282 879 2347; x_wconf 90' lang='lat' dir='ltr'><strong>diu</strong></span> <span class='ocrx_word' id='word_1_166' title='bbox 901 2290 1011 2344; x_wconf 91' lang='lat' dir='ltr'><strong>manet</strong></span> <span class='ocrx_word' id='word_1_167' title='bbox 1039 2276 1195 2361; x_wconf 86' lang='lat' dir='ltr'><strong>lmperiu:</strong></span> <span class='ocrx_word' id='word_1_168' title='bbox 1230 2277 1290 2342; x_wconf 88' lang='lat' dir='ltr'><strong>sed</strong></span> <span class='ocrx_word' id='word_1_169' title='bbox 1319 2276 1452 2362; x_wconf 86' lang='lat' dir='ltr'><strong>quarrdo</strong></span> <span class='ocrx_word' id='word_1_170' title='bbox 1503 2273 1559 2337; x_wconf 82' lang='lat' dir='ltr'><strong>bat</strong></span> <span class='ocrx_word' id='word_1_171' title='bbox 1580 2274 1634 2339; x_wconf 82' lang='lat' dir='ltr'><strong>iltn</strong></span> <span class='ocrx_word' id='word_1_172' title='bbox 1655 2277 1914 2358; x_wconf 56' lang='lat' dir='ltr'><strong>patremmeum</strong></span> <span class='ocrx_word' id='word_1_173' title='bbox 1935 2282 1985 2339; x_wconf 78' lang='lat' dir='ltr'><strong>ein</strong></span> <span class='ocrx_word' id='word_1_174' title='bbox 2007 2278 2129 2340; x_wconf 70' lang='lat' dir='ltr'><strong>manacta</strong></span> <span class='ocrx_word' id='word_1_175' title='bbox 2149 2298 2209 2339; x_wconf 85' lang='lat' dir='ltr'><strong>oon</strong></span> <span class='ocrx_word' id='word_1_176' title='bbox 2229 2278 2325 2341; x_wconf 71' lang='lat' dir='ltr'><strong>moa</strong></span> <span class='ocrx_word' id='word_1_177' title='bbox 2348 2298 2392 2340; x_wconf 75' lang='lat' dir='ltr'><strong>aa</strong></span> <span class='ocrx_word' id='word_1_178' title='bbox 2412 2299 2489 2346; x_wconf 81' lang='lat' dir='ltr'><strong>aen-</strong></span> 
     </span>
     <span class='ocr_line' id='line_1_17' title="bbox 472 2364 2489 2471; baseline -0.001 -41"><span class='ocrx_word' id='word_1_179' title='bbox 472 2365 691 2471; x_wconf 79' lang='lat' dir='ltr'><strong>lllagistratus</strong></span> <span class='ocrx_word' id='word_1_180' title='bbox 725 2365 806 2432; x_wconf 85' lang='lat' dir='ltr'><strong>liturt</strong></span> <span class='ocrx_word' id='word_1_181' title='bbox 833 2365 995 2452; x_wconf 82' lang='lat' dir='ltr'><strong>Tyranni,</strong></span> <span class='ocrx_word' id='word_1_182' title='bbox 1029 2374 1064 2428; x_wconf 93' lang='lat' dir='ltr'><strong>et</strong></span> <span class='ocrx_word' id='word_1_183' title='bbox 1094 2364 1265 2430; x_wconf 84' lang='lat' dir='ltr'><strong>saevitiam</strong></span> <span class='ocrx_word' id='word_1_184' title='bbox 1295 2375 1453 2428; x_wconf 86' lang='lat' dir='ltr'><strong>exercent</strong></span> <span class='ocrx_word' id='word_1_185' title='bbox 1504 2380 1576 2426; x_wconf 90' lang='lat' dir='ltr'><strong>sum</strong></span> <span class='ocrx_word' id='word_1_186' title='bbox 1611 2374 1645 2427; x_wconf 91' lang='lat' dir='ltr'><strong>et</strong></span> <span class='ocrx_word' id='word_1_187' title='bbox 1677 2374 1800 2427; x_wconf 89' lang='lat' dir='ltr'><strong>motum</strong></span> <span class='ocrx_word' id='word_1_188' title='bbox 1833 2364 2005 2469; x_wconf 65' lang='lat' dir='ltr'><strong>verberet.-</strong></span> <span class='ocrx_word' id='word_1_189' title='bbox 2059 2366 2126 2466; x_wconf 83' lang='lat' dir='ltr'><strong>uod</strong></span> <span class='ocrx_word' id='word_1_190' title='bbox 2159 2384 2263 2449; x_wconf 82' lang='lat' dir='ltr'><strong>saepe</strong></span> <span class='ocrx_word' id='word_1_191' title='bbox 2289 2364 2327 2430; x_wconf 90' lang='lat' dir='ltr'><strong>lit</strong></span> <span class='ocrx_word' id='word_1_192' title='bbox 2347 2368 2404 2426; x_wconf 77' lang='lat' dir='ltr'><strong>urit</strong></span> <span class='ocrx_word' id='word_1_193' title='bbox 2427 2366 2489 2428; x_wconf 84' lang='lat' dir='ltr'><strong>datr</strong></span> 
     </span>
     <span class='ocr_line' id='line_1_18' title="bbox 473 2449 2489 2625; baseline 0.001 -23"><span class='ocrx_word' id='word_1_194' title='bbox 473 2464 751 2603; x_wconf 50' lang='lat' dir='ltr'><strong>luttizi</strong></span> <span class='ocrx_word' id='word_1_195' title='bbox 767 2461 1329 2624; x_wconf 49' lang='lat' dir='ltr'><strong>dimittati.titii</strong></span> <span class='ocrx_word' id='word_1_196' title='bbox 1342 2460 1452 2599; x_wconf 69' lang='lat' dir='ltr'><strong>..litt</strong></span> <span class='ocrx_word' id='word_1_197' title='bbox 1503 2449 1872 2622; x_wconf 58' lang='lat' dir='ltr'><strong>autistiti?</strong></span> <span class='ocrx_word' id='word_1_198' title='bbox 1892 2450 2489 2625; x_wconf 60' lang='lat' dir='ltr'><strong>t&#39;tt‘tltltiltliltitlzlt</strong></span> 
     </span>
     <span class='ocr_line' id='line_1_19' title="bbox 474 2620 2489 2776; baseline 0.003 -7"><span class='ocrx_word' id='word_1_199' title='bbox 474 2636 636 2773; x_wconf 59' lang='lat' dir='ltr'><strong>istil?</strong></span> <span class='ocrx_word' id='word_1_200' title='bbox 659 2620 1452 2774; x_wconf 60' lang='lat' dir='ltr'><strong>ll}tulii.lll2¹¹¹tt¹³l¹2t⁵tt‘illiti</strong></span> <span class='ocrx_word' id='word_1_201' title='bbox 1505 2621 1693 2770; x_wconf 63' lang='lat' dir='ltr'><strong>tutti?</strong></span> <span class='ocrx_word' id='word_1_202' title='bbox 1715 2622 2278 2776; x_wconf 45' lang='lat' dir='ltr'><strong>‘li.¹¹¹¹.¹.¹i&#39;¹il.i.·‘.lilriiiiii&amp;</strong></span> <span class='ocrx_word' id='word_1_203' title='bbox 2299 2626 2489 2775; x_wconf 56' lang='lat' dir='ltr'><strong>&#39;itt-{it</strong></span> 
     </span>
     <span class='ocr_line' id='line_1_20' title="bbox 474 2728 2488 2882; baseline 0.002 -24"><span class='ocrx_word' id='word_1_204' title='bbox 474 2816 560 2881; x_wconf 88' lang='lat' dir='ltr'><strong>quae</strong></span> <span class='ocrx_word' id='word_1_205' title='bbox 581 2811 615 2858; x_wconf 91' lang='lat' dir='ltr'><strong>et</strong></span> <span class='ocrx_word' id='word_1_206' title='bbox 636 2733 712 2879; x_wconf 64' lang='lat' dir='ltr'><strong>ipsa</strong></span> <span class='ocrx_word' id='word_1_207' title='bbox 734 2807 788 2859; x_wconf 87' lang='lat' dir='ltr'><strong>est</strong></span> <span class='ocrx_word' id='word_1_208' title='bbox 810 2797 995 2880; x_wconf 88' lang='lat' dir='ltr'><strong>tyrannica,</strong></span> <span class='ocrx_word' id='word_1_209' title='bbox 1015 2802 1048 2856; x_wconf 89' lang='lat' dir='ltr'><strong>et</strong></span> <span class='ocrx_word' id='word_1_210' title='bbox 1069 2812 1137 2857; x_wconf 91' lang='lat' dir='ltr'><strong>non</strong></span> <span class='ocrx_word' id='word_1_211' title='bbox 1160 2728 1214 2856; x_wconf 65' lang='lat' dir='ltr'><strong>dilu</strong></span> <span class='ocrx_word' id='word_1_212' title='bbox 1231 2792 1362 2858; x_wconf 91' lang='lat' dir='ltr'><strong>durabit</strong></span> <span class='ocrx_word' id='word_1_213' title='bbox 1381 2751 1457 2857; x_wconf 65' lang='lat' dir='ltr'><strong>eius&#39;</strong></span> <span class='ocrx_word' id='word_1_214' title='bbox 1506 2752 1682 2857; x_wconf 64' lang='lat' dir='ltr'><strong>uenditur.⁰</strong></span> <span class='ocrx_word' id='word_1_215' title='bbox 1729 2728 1826 2878; x_wconf 40' lang='lat' dir='ltr'><strong>&#39;apuff</strong></span> <span class='ocrx_word' id='word_1_216' title='bbox 1842 2808 1897 2860; x_wconf 88' lang='lat' dir='ltr'><strong>est</strong></span> <span class='ocrx_word' id='word_1_217' title='bbox 1917 2808 2018 2882; x_wconf 89' lang='lat' dir='ltr'><strong>typus</strong></span> <span class='ocrx_word' id='word_1_218' title='bbox 2040 2755 2235 2881; x_wconf 73' lang='lat' dir='ltr'><strong>coeli3qttia</strong></span> <span class='ocrx_word' id='word_1_219' title='bbox 2251 2797 2339 2862; x_wconf 86' lang='lat' dir='ltr'><strong>sicut</strong></span> <span class='ocrx_word' id='word_1_220' title='bbox 2356 2732 2488 2862; x_wconf 54' lang='lat' dir='ltr'><strong>gelum</strong></span> 
     </span>
     <span class='ocr_line' id='line_1_21' title="bbox 474 2877 2490 2966; baseline -0.001 -22"><span class='ocrx_word' id='word_1_221' title='bbox 474 2881 684 2966; x_wconf 86' lang='lat' dir='ltr'><strong>gubernatio.</strong></span> <span class='ocrx_word' id='word_1_222' title='bbox 739 2879 884 2966; x_wconf 83' lang='lat' dir='ltr'><strong>Tyranni</strong></span> <span class='ocrx_word' id='word_1_223' title='bbox 917 2899 985 2944; x_wconf 91' lang='lat' dir='ltr'><strong>non</strong></span> <span class='ocrx_word' id='word_1_224' title='bbox 1022 2889 1102 2943; x_wconf 89' lang='lat' dir='ltr'><strong>sunt</strong></span> <span class='ocrx_word' id='word_1_225' title='bbox 1142 2877 1295 2942; x_wconf 89' lang='lat' dir='ltr'><strong>diuturni.</strong></span> <span class='ocrx_word' id='word_1_226' title='bbox 1358 2877 1453 2944; x_wconf 86' lang='lat' dir='ltr'><strong>Deus</strong></span> <span class='ocrx_word' id='word_1_227' title='bbox 1476 2921 1481 2939; x_wconf 90' lang='lat'><strong>.</strong></span> <span class='ocrx_word' id='word_1_228' title='bbox 1504 2879 1538 2941; x_wconf 90' lang='lat' dir='ltr'><strong>in</strong></span> <span class='ocrx_word' id='word_1_229' title='bbox 1560 2879 1684 2942; x_wconf 88' lang='lat' dir='ltr'><strong>mundo</strong></span> <span class='ocrx_word' id='word_1_230' title='bbox 1706 2891 1786 2959; x_wconf 85' lang='lat' dir='ltr'><strong>stat,</strong></span> <span class='ocrx_word' id='word_1_231' title='bbox 1808 2881 1858 2945; x_wconf 87' lang='lat' dir='ltr'><strong>sic</strong></span> <span class='ocrx_word' id='word_1_232' title='bbox 1880 2883 2054 2947; x_wconf 88' lang='lat' dir='ltr'><strong>cerebrum</strong></span> <span class='ocrx_word' id='word_1_233' title='bbox 2077 2882 2109 2946; x_wconf 92' lang='lat' dir='ltr'><strong>in</strong></span> <span class='ocrx_word' id='word_1_234' title='bbox 2133 2884 2253 2964; x_wconf 89' lang='lat' dir='ltr'><strong>capite.</strong></span> <span class='ocrx_word' id='word_1_235' title='bbox 2297 2881 2490 2962; x_wconf 74' lang='lat' dir='ltr'><strong>Istcinfret</strong></span> 
     </span>
     <span class='ocr_line' id='line_1_22' title="bbox 472 2963 2488 3053; baseline 0.001 -23"><span class='ocrx_word' id='word_1_236' title='bbox 472 2967 567 3052; x_wconf 77' lang='lat' dir='ltr'><strong>putuit</strong></span> <span class='ocrx_word' id='word_1_237' title='bbox 588 2964 823 3052; x_wconf 84' lang='lat' dir='ltr'><strong>Tyrannidem.</strong></span> <span class='ocrx_word' id='word_1_238' title='bbox 867 2967 987 3053; x_wconf 80' lang='lat' dir='ltr'><strong>Syrac.</strong></span> <span class='ocrx_word' id='word_1_239' title='bbox 1011 2963 1062 3028; x_wconf 87' lang='lat'><strong>10.</strong></span> <span class='ocrx_word' id='word_1_240' title='bbox 1100 2968 1247 3045; x_wconf 75' lang='lat' dir='ltr'><strong>Reptutttt</strong></span> <span class='ocrx_word' id='word_1_241' title='bbox 1267 2984 1289 3030; x_wconf 91' lang='lat' dir='ltr'><strong>a</strong></span> <span class='ocrx_word' id='word_1_242' title='bbox 1301 2974 1397 3045; x_wconf 74' lang='lat' dir='ltr'><strong>pente</strong></span> <span class='ocrx_word' id='word_1_243' title='bbox 1418 2966 1453 3031; x_wconf 84' lang='lat' dir='ltr'><strong>t‘n</strong></span> <span class='ocrx_word' id='word_1_244' title='bbox 1505 2982 1641 3048; x_wconf 88' lang='lat' dir='ltr'><strong>corpus.</strong></span> <span class='ocrx_word' id='word_1_245' title='bbox 1686 2963 1775 3030; x_wconf 85' lang='lat' dir='ltr'><strong>lntra</strong></span> <span class='ocrx_word' id='word_1_246' title='bbox 1797 2986 1878 3032; x_wconf 86' lang='lat' dir='ltr'><strong>ossa</strong></span> <span class='ocrx_word' id='word_1_247' title='bbox 1900 2969 2034 3052; x_wconf 86' lang='lat' dir='ltr'><strong>capitis,</strong></span> <span class='ocrx_word' id='word_1_248' title='bbox 2057 2969 2222 3032; x_wconf 81' lang='lat' dir='ltr'><strong>cavitates</strong></span> <span class='ocrx_word' id='word_1_249' title='bbox 2244 2971 2375 3034; x_wconf 88' lang='lat' dir='ltr'><strong>cerebri</strong></span> <span class='ocrx_word' id='word_1_250' title='bbox 2396 2979 2488 3035; x_wconf 86' lang='lat' dir='ltr'><strong>staut</strong></span> 
     </span>
     <span class='ocr_line' id='line_1_23' title="bbox 469 3048 2489 3137; baseline -0 -19"><span class='ocrx_word' id='word_1_251' title='bbox 469 3062 598 3134; x_wconf 77' lang='lat' dir='ltr'><strong>petatem</strong></span> <span class='ocrx_word' id='word_1_252' title='bbox 619 3058 823 3135; x_wconf 67' lang='lat' dir='ltr'><strong>transferam</strong></span> <span class='ocrx_word' id='word_1_253' title='bbox 839 3062 978 3137; x_wconf 82' lang='lat' dir='ltr'><strong>propter</strong></span> <span class='ocrx_word' id='word_1_254' title='bbox 997 3051 1197 3116; x_wconf 69' lang='lat' dir='ltr'><strong>mutatinum.</strong></span> <span class='ocrx_word' id='word_1_255' title='bbox 1504 3048 1717 3125; x_wconf 89' lang='lat' dir='ltr'><strong>mirabiliter,</strong></span> <span class='ocrx_word' id='word_1_256' title='bbox 1750 3068 1784 3117; x_wconf 93' lang='lat' dir='ltr'><strong>et</strong></span> <span class='ocrx_word' id='word_1_257' title='bbox 1804 3073 1872 3118; x_wconf 91' lang='lat' dir='ltr'><strong>non</strong></span> <span class='ocrx_word' id='word_1_258' title='bbox 1900 3051 2025 3119; x_wconf 91' lang='lat' dir='ltr'><strong>habent</strong></span> <span class='ocrx_word' id='word_1_259' title='bbox 2056 3051 2187 3130; x_wconf 84' lang='lat' dir='ltr'><strong>fulcra,</strong></span> <span class='ocrx_word' id='word_1_260' title='bbox 2220 3055 2285 3116; x_wconf 81' lang='lat' dir='ltr'><strong>aad</strong></span> <span class='ocrx_word' id='word_1_261' title='bbox 2311 3075 2401 3117; x_wconf 76' lang='lat' dir='ltr'><strong>aean</strong></span> <span class='ocrx_word' id='word_1_262' title='bbox 2433 3054 2489 3117; x_wconf 78' lang='lat' dir='ltr'><strong>dar</strong></span> 
     </span>
     <span class='ocr_line' id='line_1_24' title="bbox 559 3134 2488 3228; baseline 0.004 -28"><span class='ocrx_word' id='word_1_263' title='bbox 559 3135 736 3223; x_wconf 86' lang='lat' dir='ltr'><strong>intelligite</strong></span> <span class='ocrx_word' id='word_1_264' title='bbox 780 3157 863 3228; x_wconf 87' lang='lat' dir='ltr'><strong>ergo</strong></span> <span class='ocrx_word' id='word_1_265' title='bbox 915 3139 1081 3204; x_wconf 84' lang='lat' dir='ltr'><strong>civitatem</strong></span> <span class='ocrx_word' id='word_1_266' title='bbox 1124 3134 1247 3200; x_wconf 83' lang='lat' dir='ltr'><strong>Christi</strong></span> <span class='ocrx_word' id='word_1_267' title='bbox 1291 3135 1454 3201; x_wconf 83' lang='lat' dir='ltr'><strong>nominari</strong></span> <span class='ocrx_word' id='word_1_268' title='bbox 1506 3134 1620 3196; x_wconf 75' lang='lat' dir='ltr'><strong>dracho</strong></span> <span class='ocrx_word' id='word_1_269' title='bbox 1648 3137 1692 3197; x_wconf 87' lang='lat' dir='ltr'><strong>da</strong></span> <span class='ocrx_word' id='word_1_270' title='bbox 1713 3158 1749 3198; x_wconf 79' lang='lat' dir='ltr'><strong>zu</strong></span> <span class='ocrx_word' id='word_1_271' title='bbox 1770 3138 1833 3199; x_wconf 79' lang='lat' dir='ltr'><strong>etet</strong></span> <span class='ocrx_word' id='word_1_272' title='bbox 1852 3142 1940 3219; x_wconf 78' lang='lat' dir='ltr'><strong>wirt,</strong></span> <span class='ocrx_word' id='word_1_273' title='bbox 1972 3154 2052 3208; x_wconf 89' lang='lat' dir='ltr'><strong>tunc</strong></span> <span class='ocrx_word' id='word_1_274' title='bbox 2080 3140 2275 3224; x_wconf 83' lang='lat' dir='ltr'><strong>opprimitur</strong></span> <span class='ocrx_word' id='word_1_275' title='bbox 2302 3144 2488 3219; x_wconf 80' lang='lat' dir='ltr'><strong>cerebrum,</strong></span> 
     </span>
     <span class='ocr_line' id='line_1_25' title="bbox 470 3219 2486 3311; baseline 0 -20"><span class='ocrx_word' id='word_1_276' title='bbox 470 3227 583 3291; x_wconf 78' lang='lat' dir='ltr'><strong>urbem</strong></span> <span class='ocrx_word' id='word_1_277' title='bbox 619 3227 838 3308; x_wconf 70' lang='lat' dir='ltr'><strong>capernaum,</strong></span> <span class='ocrx_word' id='word_1_278' title='bbox 876 3224 954 3311; x_wconf 89' lang='lat' dir='ltr'><strong>quia</strong></span> <span class='ocrx_word' id='word_1_279' title='bbox 987 3223 1032 3287; x_wconf 88' lang='lat' dir='ltr'><strong>ihi</strong></span> <span class='ocrx_word' id='word_1_280' title='bbox 1064 3219 1179 3287; x_wconf 82' lang='lat' dir='ltr'><strong>habuit</strong></span> <span class='ocrx_word' id='word_1_281' title='bbox 1214 3220 1367 3288; x_wconf 84' lang='lat' dir='ltr'><strong>Christus</strong></span> <span class='ocrx_word' id='word_1_282' title='bbox 1401 3224 1453 3288; x_wconf 87' lang='lat' dir='ltr'><strong>ius</strong></span> <span class='ocrx_word' id='word_1_283' title='bbox 1506 3234 1540 3286; x_wconf 87' lang='lat' dir='ltr'><strong>et</strong></span> <span class='ocrx_word' id='word_1_284' title='bbox 1562 3220 1598 3285; x_wconf 78' lang='lat' dir='ltr'><strong>dt</strong></span> <span class='ocrx_word' id='word_1_285' title='bbox 1619 3220 1804 3303; x_wconf 73' lang='grc' dir='ltr'><em>ἀποπληξία,</em></span> <span class='ocrx_word' id='word_1_286' title='bbox 1825 3228 2013 3310; x_wconf 82' lang='lat' dir='ltr'><strong>percussio,</strong></span> <span class='ocrx_word' id='word_1_287' title='bbox 2035 3225 2112 3287; x_wconf 80' lang='lat' dir='ltr'><strong>dass</strong></span> <span class='ocrx_word' id='word_1_288' title='bbox 2133 3229 2219 3287; x_wconf 78' lang='lat' dir='ltr'><strong>einer</strong></span> <span class='ocrx_word' id='word_1_289' title='bbox 2239 3226 2486 3307; x_wconf 74' lang='lat' dir='ltr'><strong>mbodanfeltt.</strong></span> 
     </span>
     <span class='ocr_line' id='line_1_26' title="bbox 471 3305 2487 3396; baseline 0.002 -21"><span class='ocrx_word' id='word_1_290' title='bbox 471 3310 624 3377; x_wconf 81' lang='lat' dir='ltr'><strong>civitatis,</strong></span> <span class='ocrx_word' id='word_1_291' title='bbox 679 3309 809 3376; x_wconf 83' lang='lat' dir='ltr'><strong>Discite</strong></span> <span class='ocrx_word' id='word_1_292' title='bbox 837 3307 935 3376; x_wconf 90' lang='lat' dir='ltr'><strong>simul</strong></span> <span class='ocrx_word' id='word_1_293' title='bbox 964 3309 1067 3396; x_wconf 89' lang='lat' dir='ltr'><strong>(quod</strong></span> <span class='ocrx_word' id='word_1_294' title='bbox 1090 3305 1309 3393; x_wconf 83' lang='lat' dir='ltr'><strong>Evangelium</strong></span> <span class='ocrx_word' id='word_1_295' title='bbox 1331 3309 1454 3393; x_wconf 88' lang='lat' dir='ltr'><strong>ubique</strong></span> <span class='ocrx_word' id='word_1_296' title='bbox 1505 3305 1584 3373; x_wconf 92' lang='lat' dir='ltr'><strong>ldeo</strong></span> <span class='ocrx_word' id='word_1_297' title='bbox 1606 3309 1726 3374; x_wconf 87' lang='lat' dir='ltr'><strong>dicitur</strong></span> <span class='ocrx_word' id='word_1_298' title='bbox 1747 3312 1806 3372; x_wconf 84' lang='lat' dir='ltr'><strong>der</strong></span> <span class='ocrx_word' id='word_1_299' title='bbox 1825 3312 1945 3393; x_wconf 80' lang='lat' dir='ltr'><strong>ecblap.</strong></span> <span class='ocrx_word' id='word_1_300' title='bbox 1989 3311 2026 3376; x_wconf 92' lang='lat' dir='ltr'><strong>ln</strong></span> <span class='ocrx_word' id='word_1_301' title='bbox 2049 3310 2173 3377; x_wconf 87' lang='lat' dir='ltr'><strong>Saliuis</strong></span> <span class='ocrx_word' id='word_1_302' title='bbox 2196 3314 2373 3380; x_wconf 75' lang='lat' dir='ltr'><strong>saxonicis</strong></span> <span class='ocrx_word' id='word_1_303' title='bbox 2473 3348 2487 3362; x_wconf 93' lang='lat'><strong>·</strong></span> 
     </span>
     <span class='ocr_line' id='line_1_27' title="bbox 471 3327 2486 3481; baseline 0.002 -19"><span class='ocrx_word' id='word_1_304' title='bbox 471 3397 585 3474; x_wconf 86' lang='lat' dir='ltr'><strong>docet)</strong></span> <span class='ocrx_word' id='word_1_305' title='bbox 608 3397 698 3481; x_wconf 87' lang='lat' dir='ltr'><strong>quod</strong></span> <span class='ocrx_word' id='word_1_306' title='bbox 719 3394 815 3462; x_wconf 87' lang='lat' dir='ltr'><strong>Deus</strong></span> <span class='ocrx_word' id='word_1_307' title='bbox 838 3398 882 3463; x_wconf 90' lang='lat' dir='ltr'><strong>sit</strong></span> <span class='ocrx_word' id='word_1_308' title='bbox 904 3410 1035 3473; x_wconf 89' lang='lat' dir='ltr'><strong>auctor,</strong></span> <span class='ocrx_word' id='word_1_309' title='bbox 1067 3406 1298 3472; x_wconf 77' lang='lat' dir='ltr'><strong>conservator,</strong></span> <span class='ocrx_word' id='word_1_310' title='bbox 1331 3414 1455 3460; x_wconf 85' lang='lat' dir='ltr'><strong>caussa</strong></span> <span class='ocrx_word' id='word_1_311' title='bbox 1507 3395 1588 3461; x_wconf 87' lang='lat' dir='ltr'><strong>bant</strong></span> <span class='ocrx_word' id='word_1_312' title='bbox 1610 3415 1677 3460; x_wconf 91' lang='lat' dir='ltr'><strong>una</strong></span> <span class='ocrx_word' id='word_1_313' title='bbox 1696 3394 1828 3463; x_wconf 87' lang='lat' dir='ltr'><strong>Ductor</strong></span> <span class='ocrx_word' id='word_1_314' title='bbox 1849 3395 1980 3478; x_wconf 84' lang='lat' dir='ltr'><strong>Turck,</strong></span> <span class='ocrx_word' id='word_1_315' title='bbox 2008 3397 2106 3463; x_wconf 90' lang='lat' dir='ltr'><strong>etl).</strong></span> <span class='ocrx_word' id='word_1_316' title='bbox 2130 3396 2336 3465; x_wconf 89' lang='lat' dir='ltr'><strong>Cubitensis.</strong></span> <span class='ocrx_word' id='word_1_317' title='bbox 2380 3327 2486 3466; x_wconf 47' lang='lat' dir='ltr'><strong>(mlh</strong></span> 
     </span>
     <span class='ocr_line' id='line_1_28' title="bbox 471 3475 2487 3556; baseline 0.002 -8"><span class='ocrx_word' id='word_1_318' title='bbox 471 3479 634 3556; x_wconf 82' lang='lat' dir='ltr'><strong>efficiens,</strong></span> <span class='ocrx_word' id='word_1_319' title='bbox 657 3495 691 3547; x_wconf 89' lang='lat' dir='ltr'><strong>et</strong></span> <span class='ocrx_word' id='word_1_320' title='bbox 713 3502 836 3548; x_wconf 85' lang='lat' dir='ltr'><strong>caussa</strong></span> <span class='ocrx_word' id='word_1_321' title='bbox 863 3499 1070 3549; x_wconf 88' lang='lat' dir='ltr'><strong>conservans</strong></span> <span class='ocrx_word' id='word_1_322' title='bbox 1097 3481 1245 3544; x_wconf 87' lang='lat' dir='ltr'><strong>ordinem</strong></span> <span class='ocrx_word' id='word_1_323' title='bbox 1268 3475 1453 3545; x_wconf 89' lang='lat' dir='ltr'><strong>Politicum.</strong></span> <span class='ocrx_word' id='word_1_324' title='bbox 1506 3481 1593 3546; x_wconf 91' lang='lat' dir='ltr'><strong>bitur</strong></span> <span class='ocrx_word' id='word_1_325' title='bbox 1615 3480 1747 3547; x_wconf 87' lang='lat' dir='ltr'><strong>Ductor</strong></span> <span class='ocrx_word' id='word_1_326' title='bbox 1761 3482 1960 3550; x_wconf 48' lang='lat' dir='ltr'><strong>&gt;Cubdensis</strong></span> <span class='ocrx_word' id='word_1_327' title='bbox 1977 3486 2012 3549; x_wconf 92' lang='lat' dir='ltr'><strong>in</strong></span> <span class='ocrx_word' id='word_1_328' title='bbox 2033 3504 2197 3551; x_wconf 77' lang='lat' dir='ltr'><strong>mensam:</strong></span> <span class='ocrx_word' id='word_1_329' title='bbox 2219 3484 2353 3552; x_wconf 89' lang='lat' dir='ltr'><strong>Doctor</strong></span> <span class='ocrx_word' id='word_1_330' title='bbox 2373 3482 2487 3553; x_wconf 79' lang='lat' dir='ltr'><strong>&#39;l&#39;urck</strong></span> 
     </span>
     <span class='ocr_line' id='line_1_29' title="bbox 470 3562 2485 3653; baseline 0.002 -19"><span class='ocrx_word' id='word_1_331' title='bbox 470 3566 556 3635; x_wconf 86' lang='lat' dir='ltr'><strong>Eum</strong></span> <span class='ocrx_word' id='word_1_332' title='bbox 573 3568 721 3633; x_wconf 91' lang='lat' dir='ltr'><strong>ordinem</strong></span> <span class='ocrx_word' id='word_1_333' title='bbox 745 3568 906 3634; x_wconf 89' lang='lat' dir='ltr'><strong>debemus</strong></span> <span class='ocrx_word' id='word_1_334' title='bbox 928 3563 1029 3633; x_wconf 86' lang='lat' dir='ltr'><strong>intelli</strong></span> <span class='ocrx_word' id='word_1_335' title='bbox 1056 3586 1132 3646; x_wconf 92' lang='lat' dir='ltr'><strong>ere,</strong></span> <span class='ocrx_word' id='word_1_336' title='bbox 1161 3575 1195 3630; x_wconf 87' lang='lat' dir='ltr'><strong>et</strong></span> <span class='ocrx_word' id='word_1_337' title='bbox 1217 3567 1342 3630; x_wconf 87' lang='lat' dir='ltr'><strong>nostris</strong></span> <span class='ocrx_word' id='word_1_338' title='bbox 1364 3562 1454 3631; x_wconf 85' lang='lat' dir='ltr'><strong>suro·</strong></span> <span class='ocrx_word' id='word_1_339' title='bbox 1506 3567 1617 3653; x_wconf 85' lang='lat' dir='ltr'><strong>pergit</strong></span> <span class='ocrx_word' id='word_1_340' title='bbox 1637 3571 1800 3652; x_wconf 72' lang='lat' dir='ltr'><strong>potando,</strong></span> <span class='ocrx_word' id='word_1_341' title='bbox 1822 3568 1895 3637; x_wconf 83' lang='lat' dir='ltr'><strong>vult</strong></span> <span class='ocrx_word' id='word_1_342' title='bbox 1920 3592 1995 3639; x_wconf 87' lang='lat' dir='ltr'><strong>cum</strong></span> <span class='ocrx_word' id='word_1_343' title='bbox 2022 3570 2187 3649; x_wconf 83' lang='lat' dir='ltr'><strong>excitare,</strong></span> <span class='ocrx_word' id='word_1_344' title='bbox 2218 3573 2279 3636; x_wconf 91' lang='lat' dir='ltr'><strong>sed</strong></span> <span class='ocrx_word' id='word_1_345' title='bbox 2303 3585 2378 3638; x_wconf 90' lang='lat' dir='ltr'><strong>erat</strong></span> <span class='ocrx_word' id='word_1_346' title='bbox 2405 3592 2485 3639; x_wconf 75' lang='lat' dir='ltr'><strong>otor</strong></span> 
     </span>
     <span class='ocr_line' id='line_1_30' title="bbox 470 3586 2487 3743; baseline 0.004 -25"><span class='ocrx_word' id='word_1_347' title='bbox 470 3654 564 3719; x_wconf 87' lang='lat' dir='ltr'><strong>ribus</strong></span> <span class='ocrx_word' id='word_1_348' title='bbox 587 3674 663 3718; x_wconf 93' lang='lat' dir='ltr'><strong>eum</strong></span> <span class='ocrx_word' id='word_1_349' title='bbox 679 3675 747 3719; x_wconf 93' lang='lat' dir='ltr'><strong>non</strong></span> <span class='ocrx_word' id='word_1_350' title='bbox 769 3655 973 3738; x_wconf 88' lang='lat' dir='ltr'><strong>perturbare.</strong></span> <span class='ocrx_word' id='word_1_351' title='bbox 1028 3586 1114 3717; x_wconf 48' lang='lat' dir='ltr'><strong>gam</strong></span> <span class='ocrx_word' id='word_1_352' title='bbox 1142 3653 1275 3738; x_wconf 91' lang='lat' dir='ltr'><strong>quando</strong></span> <span class='ocrx_word' id='word_1_353' title='bbox 1303 3661 1453 3736; x_wconf 84' lang='lat' dir='ltr'><strong>potestas</strong></span> <span class='ocrx_word' id='word_1_354' title='bbox 1506 3668 1583 3719; x_wconf 88' lang='lat' dir='ltr'><strong>tuus</strong></span> <span class='ocrx_word' id='word_1_355' title='bbox 1604 3649 1791 3739; x_wconf 77' lang='lat' dir='ltr'><strong>apoplexia.</strong></span> <span class='ocrx_word' id='word_1_356' title='bbox 1839 3655 1945 3722; x_wconf 84' lang='lat' dir='ltr'><strong>Erant</strong></span> <span class='ocrx_word' id='word_1_357' title='bbox 1977 3659 2044 3722; x_wconf 90' lang='lat' dir='ltr'><strong>duo</strong></span> <span class='ocrx_word' id='word_1_358' title='bbox 2078 3654 2177 3722; x_wconf 87' lang='lat' dir='ltr'><strong>valde</strong></span> <span class='ocrx_word' id='word_1_359' title='bbox 2209 3659 2375 3743; x_wconf 74' lang='lat' dir='ltr'><strong>ingeniosi</strong></span> <span class='ocrx_word' id='word_1_360' title='bbox 2409 3660 2487 3736; x_wconf 67' lang='lat' dir='ltr'><strong>citit</strong></span> 
     </span>
     <span class='ocr_line' id='line_1_31' title="bbox 472 3734 2487 3825; baseline 0.003 -20"><span class='ocrx_word' id='word_1_361' title='bbox 472 3761 540 3805; x_wconf 93' lang='lat' dir='ltr'><strong>non</strong></span> <span class='ocrx_word' id='word_1_362' title='bbox 562 3749 674 3824; x_wconf 87' lang='lat' dir='ltr'><strong>potest</strong></span> <span class='ocrx_word' id='word_1_363' title='bbox 695 3742 823 3825; x_wconf 89' lang='lat' dir='ltr'><strong>punire,</strong></span> <span class='ocrx_word' id='word_1_364' title='bbox 850 3752 930 3806; x_wconf 91' lang='lat' dir='ltr'><strong>tunc</strong></span> <span class='ocrx_word' id='word_1_365' title='bbox 958 3752 1067 3804; x_wconf 81' lang='lat' dir='ltr'><strong>tumen</strong></span> <span class='ocrx_word' id='word_1_366' title='bbox 1089 3737 1184 3804; x_wconf 90' lang='lat' dir='ltr'><strong>Deus</strong></span> <span class='ocrx_word' id='word_1_367' title='bbox 1207 3737 1310 3823; x_wconf 91' lang='lat' dir='ltr'><strong>punit.</strong></span> <span class='ocrx_word' id='word_1_368' title='bbox 1356 3734 1455 3825; x_wconf 88' lang='lat' dir='ltr'><strong>Cogi·</strong></span> <span class='ocrx_word' id='word_1_369' title='bbox 1506 3739 1568 3804; x_wconf 87' lang='lat' dir='ltr'><strong>aed</strong></span> <span class='ocrx_word' id='word_1_370' title='bbox 1590 3740 1646 3822; x_wconf 83' lang='lat' dir='ltr'><strong>qui</strong></span> <span class='ocrx_word' id='word_1_371' title='bbox 1669 3737 1751 3804; x_wconf 90' lang='lat' dir='ltr'><strong>nihil</strong></span> <span class='ocrx_word' id='word_1_372' title='bbox 1779 3745 1942 3808; x_wconf 89' lang='lat' dir='ltr'><strong>curabant</strong></span> <span class='ocrx_word' id='word_1_373' title='bbox 1965 3745 2149 3809; x_wconf 84' lang='lat' dir='ltr'><strong>doctrinam</strong></span> <span class='ocrx_word' id='word_1_374' title='bbox 2170 3742 2357 3811; x_wconf 85' lang='lat' dir='ltr'><strong>Ecclesiae.</strong></span> <span class='ocrx_word' id='word_1_375' title='bbox 2403 3744 2487 3812; x_wconf 85' lang='lat' dir='ltr'><strong>Coa·</strong></span> 
     </span>
     <span class='ocr_line' id='line_1_32' title="bbox 471 3821 2487 3910; baseline 0.003 -20"><span class='ocrx_word' id='word_1_376' title='bbox 471 3836 558 3903; x_wconf 88' lang='lat' dir='ltr'><strong>tate,</strong></span> <span class='ocrx_word' id='word_1_377' title='bbox 602 3826 735 3910; x_wconf 88' lang='lat' dir='ltr'><strong>quondo</strong></span> <span class='ocrx_word' id='word_1_378' title='bbox 774 3825 909 3891; x_wconf 90' lang='lat' dir='ltr'><strong>honesti</strong></span> <span class='ocrx_word' id='word_1_379' title='bbox 949 3827 1043 3891; x_wconf 86' lang='lat' dir='ltr'><strong>cives</strong></span> <span class='ocrx_word' id='word_1_380' title='bbox 1080 3825 1187 3889; x_wconf 89' lang='lat' dir='ltr'><strong>intuiti</strong></span> <span class='ocrx_word' id='word_1_381' title='bbox 1218 3836 1297 3888; x_wconf 88' lang='lat' dir='ltr'><strong>sunt</strong></span> <span class='ocrx_word' id='word_1_382' title='bbox 1330 3821 1455 3888; x_wconf 80' lang='lat' dir='ltr'><strong>Christi</strong></span> <span class='ocrx_word' id='word_1_383' title='bbox 1505 3822 1586 3901; x_wconf 91' lang='lat' dir='ltr'><strong>lum,</strong></span> <span class='ocrx_word' id='word_1_384' title='bbox 1608 3825 1641 3889; x_wconf 93' lang='lat' dir='ltr'><strong>id</strong></span> <span class='ocrx_word' id='word_1_385' title='bbox 1664 3839 1727 3903; x_wconf 89' lang='lat' dir='ltr'><strong>est,</strong></span> <span class='ocrx_word' id='word_1_386' title='bbox 1739 3829 1911 3895; x_wconf 87' lang='lat' dir='ltr'><strong>cerebrum</strong></span> <span class='ocrx_word' id='word_1_387' title='bbox 1934 3830 2070 3909; x_wconf 90' lang='lat' dir='ltr'><strong>corruit,</strong></span> <span class='ocrx_word' id='word_1_388' title='bbox 2083 3843 2117 3894; x_wconf 87' lang='lat' dir='ltr'><strong>et</strong></span> <span class='ocrx_word' id='word_1_389' title='bbox 2137 3833 2231 3895; x_wconf 84' lang='lat' dir='ltr'><strong>nervi</strong></span> <span class='ocrx_word' id='word_1_390' title='bbox 2248 3828 2487 3908; x_wconf 84' lang='lat' dir='ltr'><strong>dissolvuntur,</strong></span> 
     </span>
     <span class='ocr_line' id='line_1_33' title="bbox 471 3906 2487 4004; baseline 0.002 -28"><span class='ocrx_word' id='word_1_391' title='bbox 471 3929 597 3988; x_wconf 88' lang='lat' dir='ltr'><strong>mores,</strong></span> <span class='ocrx_word' id='word_1_392' title='bbox 621 3910 809 3997; x_wconf 87' lang='lat' dir='ltr'><strong>cogitarunt</strong></span> <span class='ocrx_word' id='word_1_393' title='bbox 830 3913 927 3977; x_wconf 84' lang='lat' dir='ltr'><strong>etiam</strong></span> <span class='ocrx_word' id='word_1_394' title='bbox 949 3912 1027 3996; x_wconf 76' lang='lat' dir='ltr'><strong>ipsit</strong></span> <span class='ocrx_word' id='word_1_395' title='bbox 1070 3906 1233 3975; x_wconf 89' lang='lat' dir='ltr'><strong>Nolmnus</strong></span> <span class='ocrx_word' id='word_1_396' title='bbox 1261 3929 1340 3974; x_wconf 88' lang='lat' dir='ltr'><strong>esse</strong></span> <span class='ocrx_word' id='word_1_397' title='bbox 1367 3910 1454 3975; x_wconf 83' lang='lat' dir='ltr'><strong>sedi·</strong></span> <span class='ocrx_word' id='word_1_398' title='bbox 1506 3923 1540 3974; x_wconf 92' lang='lat' dir='ltr'><strong>et</strong></span> <span class='ocrx_word' id='word_1_399' title='bbox 1561 3908 1662 3975; x_wconf 90' lang='lat' dir='ltr'><strong>homo</strong></span> <span class='ocrx_word' id='word_1_400' title='bbox 1684 3910 1920 4000; x_wconf 86' lang='lat' dir='ltr'><strong>strangulatur.</strong></span> <span class='ocrx_word' id='word_1_401' title='bbox 1966 3914 2060 3980; x_wconf 89' lang='lat' dir='ltr'><strong>Haec</strong></span> <span class='ocrx_word' id='word_1_402' title='bbox 2081 3916 2158 3981; x_wconf 87' lang='lat' dir='ltr'><strong>ideo</strong></span> <span class='ocrx_word' id='word_1_403' title='bbox 2180 3917 2273 3997; x_wconf 89' lang='lat' dir='ltr'><strong>dico,</strong></span> <span class='ocrx_word' id='word_1_404' title='bbox 2302 3927 2341 3982; x_wconf 89' lang='lat' dir='ltr'><strong>ut</strong></span> <span class='ocrx_word' id='word_1_405' title='bbox 2361 3916 2487 4004; x_wconf 83' lang='lat' dir='ltr'><strong>regatis</strong></span> 
     </span>
     <span class='ocr_line' id='line_1_34' title="bbox 472 3992 1961 4084; baseline 0.002 -24"><span class='ocrx_word' id='word_1_406' title='bbox 472 3996 563 4074; x_wconf 90' lang='lat' dir='ltr'><strong>tiosi,</strong></span> <span class='ocrx_word' id='word_1_407' title='bbox 585 3997 648 4062; x_wconf 88' lang='lat' dir='ltr'><strong>sed</strong></span> <span class='ocrx_word' id='word_1_408' title='bbox 670 3995 849 4084; x_wconf 85' lang='lat' dir='ltr'><strong>tranquilli.</strong></span> <span class='ocrx_word' id='word_1_409' title='bbox 892 3996 935 4062; x_wconf 84' lang='lat' dir='ltr'><strong>Et</strong></span> <span class='ocrx_word' id='word_1_410' title='bbox 956 3997 1013 4063; x_wconf 91' lang='lat' dir='ltr'><strong>ubi</strong></span> <span class='ocrx_word' id='word_1_411' title='bbox 1031 4008 1084 4062; x_wconf 87' lang='lat' dir='ltr'><strong>est</strong></span> <span class='ocrx_word' id='word_1_412' title='bbox 1103 3992 1261 4082; x_wconf 85' lang='lat' dir='ltr'><strong>populus,</strong></span> <span class='ocrx_word' id='word_1_413' title='bbox 1289 3996 1344 4081; x_wconf 91' lang='lat' dir='ltr'><strong>qui</strong></span> <span class='ocrx_word' id='word_1_414' title='bbox 1366 3995 1454 4083; x_wconf 90' lang='lat' dir='ltr'><strong>regi·</strong></span> <span class='ocrx_word' id='word_1_415' title='bbox 1506 4015 1569 4060; x_wconf 91' lang='lat' dir='ltr'><strong>vos</strong></span> <span class='ocrx_word' id='word_1_416' title='bbox 1592 3992 1783 4083; x_wconf 86' lang='lat' dir='ltr'><strong>diligentius</strong></span> <span class='ocrx_word' id='word_1_417' title='bbox 1804 4000 1838 4064; x_wconf 93' lang='lat' dir='ltr'><strong>in</strong></span> <span class='ocrx_word' id='word_1_418' title='bbox 1861 4002 1961 4066; x_wconf 88' lang='lat' dir='ltr'><strong>victu.</strong></span> 
     </span>
     <span class='ocr_line' id='line_1_35' title="bbox 474 4076 2486 4237; baseline 0.002 -90"><span class='ocrx_word' id='word_1_419' title='bbox 474 4094 526 4148; x_wconf 93' lang='lat' dir='ltr'><strong>tur</strong></span> <span class='ocrx_word' id='word_1_420' title='bbox 548 4104 570 4149; x_wconf 90' lang='lat' dir='ltr'><strong>a</strong></span> <span class='ocrx_word' id='word_1_421' title='bbox 591 4079 650 4148; x_wconf 84' lang='lat' dir='ltr'><strong>tali</strong></span> <span class='ocrx_word' id='word_1_422' title='bbox 677 4083 751 4151; x_wconf 81' lang='lat' dir='ltr'><strong>viro</strong></span> <span class='ocrx_word' id='word_1_423' title='bbox 774 4084 937 4162; x_wconf 88' lang='lat' dir='ltr'><strong>honesto,</strong></span> <span class='ocrx_word' id='word_1_424' title='bbox 969 4083 1014 4147; x_wconf 92' lang='lat' dir='ltr'><strong>ibi</strong></span> <span class='ocrx_word' id='word_1_425' title='bbox 1035 4079 1102 4148; x_wconf 92' lang='lat' dir='ltr'><strong>hoc</strong></span> <span class='ocrx_word' id='word_1_426' title='bbox 1124 4081 1178 4161; x_wconf 89' lang='lat' dir='ltr'><strong>lit,</strong></span> <span class='ocrx_word' id='word_1_427' title='bbox 1212 4081 1303 4167; x_wconf 86' lang='lat' dir='ltr'><strong>quod</strong></span> <span class='ocrx_word' id='word_1_428' title='bbox 1335 4081 1454 4148; x_wconf 89' lang='lat' dir='ltr'><strong>dicitur</strong></span> <span class='ocrx_word' id='word_1_429' title='bbox 1593 4076 1677 4149; x_wconf 91' lang='lat' dir='ltr'><strong>lllud</strong></span> <span class='ocrx_word' id='word_1_430' title='bbox 1699 4084 1850 4151; x_wconf 90' lang='lat' dir='ltr'><strong>mirabile</strong></span> <span class='ocrx_word' id='word_1_431' title='bbox 1879 4084 2045 4237; x_wconf 76' lang='lat' dir='ltr'><strong>opificium</strong></span> <span class='ocrx_word' id='word_1_432' title='bbox 2072 4101 2126 4153; x_wconf 89' lang='lat' dir='ltr'><strong>est</strong></span> <span class='ocrx_word' id='word_1_433' title='bbox 2153 4088 2378 4155; x_wconf 89' lang='lat' dir='ltr'><strong>testimonium</strong></span> <span class='ocrx_word' id='word_1_434' title='bbox 2407 4086 2486 4153; x_wconf 86' lang='lat' dir='ltr'><strong>dlvi·</strong></span> 
     </span>
     <span class='ocr_line' id='line_1_36' title="bbox 472 4169 2485 4255; baseline 0.003 -22"><span class='ocrx_word' id='word_1_435' title='bbox 472 4172 504 4233; x_wconf 88' lang='lat' dir='ltr'><strong>in</strong></span> <span class='ocrx_word' id='word_1_436' title='bbox 524 4179 690 4255; x_wconf 78' lang='lat' dir='ltr'><strong>poemate:</strong></span> <span class='ocrx_word' id='word_1_437' title='bbox 1504 4186 1569 4232; x_wconf 89' lang='lat' dir='ltr'><strong>uae</strong></span> <span class='ocrx_word' id='word_1_438' title='bbox 1591 4169 1783 4253; x_wconf 86' lang='lat' dir='ltr'><strong>sapientiae,</strong></span> <span class='ocrx_word' id='word_1_439' title='bbox 1805 4173 1902 4238; x_wconf 91' lang='lat' dir='ltr'><strong>etde</strong></span> <span class='ocrx_word' id='word_1_440' title='bbox 1927 4174 2006 4239; x_wconf 87' lang='lat' dir='ltr'><strong>ebat</strong></span> <span class='ocrx_word' id='word_1_441' title='bbox 2033 4192 2111 4239; x_wconf 87' lang='lat' dir='ltr'><strong>esse</strong></span> <span class='ocrx_word' id='word_1_442' title='bbox 2134 4169 2331 4239; x_wconf 86' lang='lat' dir='ltr'><strong>domicilium</strong></span> <span class='ocrx_word' id='word_1_443' title='bbox 2358 4184 2485 4239; x_wconf 74' lang='lat' dir='ltr'><strong>sancta</strong></span> 
     </span>
     <span class='ocr_line' id='line_1_37' title="bbox 600 4255 2484 4364; baseline 0.002 -42"><span class='ocrx_word' id='word_1_444' title='bbox 600 4258 640 4322; x_wconf 85' lang='lat' dir='ltr'><strong>St</strong></span> <span class='ocrx_word' id='word_1_445' title='bbox 657 4274 751 4338; x_wconf 72' lang='lat' dir='ltr'><strong>quern</strong></span> <span class='ocrx_word' id='word_1_446' title='bbox 771 4275 975 4339; x_wconf 76' lang='lat' dir='ltr'><strong>toncpecere</strong></span> <span class='ocrx_word' id='word_1_447' title='bbox 994 4255 1109 4334; x_wconf 73' lang='lat' dir='ltr'><strong>aima,</strong></span> <span class='ocrx_word' id='word_1_448' title='bbox 1134 4266 1198 4320; x_wconf 87' lang='lat' dir='ltr'><strong>etc.</strong></span> <span class='ocrx_word' id='word_1_449' title='bbox 1220 4260 1336 4337; x_wconf 79' lang='lat' dir='ltr'><strong>taceat,</strong></span> <span class='ocrx_word' id='word_1_450' title='bbox 1357 4273 1453 4321; x_wconf 82' lang='lat' dir='ltr'><strong>arre-</strong></span> <span class='ocrx_word' id='word_1_451' title='bbox 1506 4274 1578 4319; x_wconf 89' lang='lat' dir='ltr'><strong>rum</strong></span> <span class='ocrx_word' id='word_1_452' title='bbox 1598 4256 1854 4364; x_wconf 68' lang='lat' dir='ltr'><strong>cogitationum</strong></span> <span class='ocrx_word' id='word_1_453' title='bbox 1870 4260 1938 4324; x_wconf 91' lang='lat' dir='ltr'><strong>imo</strong></span> <span class='ocrx_word' id='word_1_454' title='bbox 1964 4260 2070 4364; x_wconf 76' lang='lat' dir='ltr'><strong>ipsius</strong></span> <span class='ocrx_word' id='word_1_455' title='bbox 2091 4258 2164 4324; x_wconf 86' lang='lat' dir='ltr'><strong>Filii</strong></span> <span class='ocrx_word' id='word_1_456' title='bbox 2185 4260 2250 4325; x_wconf 89' lang='lat' dir='ltr'><strong>Dei</strong></span> <span class='ocrx_word' id='word_1_457' title='bbox 2280 4256 2427 4326; x_wconf 81' lang='lat' dir='ltr'><strong>lucentis</strong></span> <span class='ocrx_word' id='word_1_458' title='bbox 2452 4259 2484 4325; x_wconf 86' lang='lat' dir='ltr'><strong>in</strong></span> 
     </span>
     <span class='ocr_line' id='line_1_38' title="bbox 601 4339 2487 4518; baseline -0.001 -24"><span class='ocrx_word' id='word_1_459' title='bbox 601 4349 770 4510; x_wconf 62' lang='lat' dir='ltr'><strong>..titt</strong></span> <span class='ocrx_word' id='word_1_460' title='bbox 785 4343 1234 4510; x_wconf 51' lang='lat' dir='ltr'><strong>mmmmm...</strong></span> <span class='ocrx_word' id='word_1_461' title='bbox 1249 4430 1377 4494; x_wconf 68' lang='lat' dir='ltr'><strong>...aa</strong></span> <span class='ocrx_word' id='word_1_462' title='bbox 1504 4339 2487 4518; x_wconf 61' lang='lat' dir='ltr'><strong>{itit‘itt&#39;¹221¹⁵..ttttt‘t.¹¹.t..2⁸it{tt‘‘a</strong></span> 
     </span>
     <span class='ocr_line' id='line_1_39' title="bbox 559 4511 2486 4603; baseline 0.003 -25"><span class='ocrx_word' id='word_1_463' title='bbox 559 4511 672 4599; x_wconf 86' lang='lat' dir='ltr'><strong>Scipio</strong></span> <span class='ocrx_word' id='word_1_464' title='bbox 694 4513 770 4580; x_wconf 91' lang='lat' dir='ltr'><strong>solo</strong></span> <span class='ocrx_word' id='word_1_465' title='bbox 793 4512 885 4579; x_wconf 89' lang='lat' dir='ltr'><strong>vultu</strong></span> <span class='ocrx_word' id='word_1_466' title='bbox 907 4514 1113 4599; x_wconf 85' lang='lat' dir='ltr'><strong>compescuit</strong></span> <span class='ocrx_word' id='word_1_467' title='bbox 1140 4513 1337 4579; x_wconf 89' lang='lat' dir='ltr'><strong>seditiosum</strong></span> <span class='ocrx_word' id='word_1_468' title='bbox 1358 4533 1453 4579; x_wconf 83' lang='lat' dir='ltr'><strong>exer·</strong></span> <span class='ocrx_word' id='word_1_469' title='bbox 1505 4515 1549 4574; x_wconf 78' lang='lat' dir='ltr'><strong>iat</strong></span> <span class='ocrx_word' id='word_1_470' title='bbox 1569 4514 1619 4572; x_wconf 82' lang='lat' dir='ltr'><strong>ein</strong></span> <span class='ocrx_word' id='word_1_471' title='bbox 1641 4513 1789 4595; x_wconf 68' lang='lat' dir='ltr'><strong>amande,</strong></span> <span class='ocrx_word' id='word_1_472' title='bbox 1811 4518 1945 4603; x_wconf 80' lang='lat' dir='ltr'><strong>quando</strong></span> <span class='ocrx_word' id='word_1_473' title='bbox 1965 4518 2021 4583; x_wconf 85' lang='lat' dir='ltr'><strong>isti</strong></span> <span class='ocrx_word' id='word_1_474' title='bbox 2043 4520 2130 4584; x_wconf 89' lang='lat' dir='ltr'><strong>asini</strong></span> <span class='ocrx_word' id='word_1_475' title='bbox 2151 4519 2300 4597; x_wconf 86' lang='lat' dir='ltr'><strong>veniunt,</strong></span> <span class='ocrx_word' id='word_1_476' title='bbox 2323 4530 2358 4583; x_wconf 91' lang='lat' dir='ltr'><strong>et</strong></span> <span class='ocrx_word' id='word_1_477' title='bbox 2383 4517 2486 4584; x_wconf 87' lang='lat' dir='ltr'><strong>homi·</strong></span> 
     </span>
     <span class='ocr_line' id='line_1_40' title="bbox 472 4595 2486 4686; baseline 0.001 -21"><span class='ocrx_word' id='word_1_478' title='bbox 472 4602 583 4666; x_wconf 88' lang='lat' dir='ltr'><strong>citum.</strong></span> <span class='ocrx_word' id='word_1_479' title='bbox 628 4599 804 4686; x_wconf 82' lang='lat' dir='ltr'><strong>Augustus</strong></span> <span class='ocrx_word' id='word_1_480' title='bbox 827 4620 893 4665; x_wconf 92' lang='lat' dir='ltr'><strong>una</strong></span> <span class='ocrx_word' id='word_1_481' title='bbox 916 4620 1002 4667; x_wconf 90' lang='lat' dir='ltr'><strong>voce</strong></span> <span class='ocrx_word' id='word_1_482' title='bbox 1030 4599 1236 4684; x_wconf 89' lang='lat' dir='ltr'><strong>compescuit</strong></span> <span class='ocrx_word' id='word_1_483' title='bbox 1261 4601 1379 4665; x_wconf 92' lang='lat' dir='ltr'><strong>urbem</strong></span> <span class='ocrx_word' id='word_1_484' title='bbox 1402 4613 1454 4666; x_wconf 91' lang='lat' dir='ltr'><strong>tu·</strong></span> <span class='ocrx_word' id='word_1_485' title='bbox 1504 4617 1566 4664; x_wconf 89' lang='lat' dir='ltr'><strong>nes</strong></span> <span class='ocrx_word' id='word_1_486' title='bbox 1584 4595 1711 4666; x_wconf 82' lang='lat' dir='ltr'><strong>iaciunt</strong></span> <span class='ocrx_word' id='word_1_487' title='bbox 1731 4623 1868 4686; x_wconf 89' lang='lat' dir='ltr'><strong>porcos,</strong></span> <span class='ocrx_word' id='word_1_488' title='bbox 1878 4615 1915 4669; x_wconf 90' lang='lat' dir='ltr'><strong>ut</strong></span> <span class='ocrx_word' id='word_1_489' title='bbox 1936 4614 2151 4670; x_wconf 81' lang='lat' dir='ltr'><strong>contemnant</strong></span> <span class='ocrx_word' id='word_1_490' title='bbox 2168 4604 2363 4670; x_wconf 88' lang='lat' dir='ltr'><strong>doctrinam.</strong></span> <span class='ocrx_word' id='word_1_491' title='bbox 2407 4602 2486 4668; x_wconf 70' lang='grc' dir='ltr'><strong>Ἄπι·</strong></span> 
     </span>
     <span class='ocr_line' id='line_1_41' title="bbox 473 4682 2485 4776; baseline 0.001 -24"><span class='ocrx_word' id='word_1_492' title='bbox 473 4683 699 4765; x_wconf 88' lang='lat' dir='ltr'><strong>multuantem,</strong></span> <span class='ocrx_word' id='word_1_493' title='bbox 722 4682 885 4753; x_wconf 83' lang='lat' dir='ltr'><strong>clamans:</strong></span> <span class='ocrx_word' id='word_1_494' title='bbox 918 4689 1035 4754; x_wconf 78' lang='lat' dir='ltr'><strong>Audite</strong></span> <span class='ocrx_word' id='word_1_495' title='bbox 1055 4692 1186 4751; x_wconf 70' lang='lat' dir='ltr'><strong>maenae</strong></span> <span class='ocrx_word' id='word_1_496' title='bbox 1206 4704 1335 4769; x_wconf 72' lang='lat' dir='ltr'><strong>renen,</strong></span> <span class='ocrx_word' id='word_1_497' title='bbox 1360 4705 1466 4768; x_wconf 76' lang='lat' dir='ltr'><strong>pacm.</strong></span> <span class='ocrx_word' id='word_1_498' title='bbox 1504 4688 1618 4763; x_wconf 70' lang='grc' dir='ltr'><strong><em>πληξία</em></strong></span> <span class='ocrx_word' id='word_1_499' title='bbox 1641 4687 1730 4752; x_wconf 89' lang='lat' dir='ltr'><strong>venit</strong></span> <span class='ocrx_word' id='word_1_500' title='bbox 1746 4710 1767 4752; x_wconf 88' lang='lat' dir='ltr'><strong>a</strong></span> <span class='ocrx_word' id='word_1_501' title='bbox 1788 4689 1926 4769; x_wconf 76' lang='grc' dir='ltr'><strong><em>πλῇιιω,</em></strong></span> <span class='ocrx_word' id='word_1_502' title='bbox 1953 4689 1986 4754; x_wconf 92' lang='lat' dir='ltr'><strong>id</strong></span> <span class='ocrx_word' id='word_1_503' title='bbox 2014 4704 2083 4769; x_wconf 77' lang='lat' dir='ltr'><strong>est,</strong></span> <span class='ocrx_word' id='word_1_504' title='bbox 2114 4692 2279 4776; x_wconf 79' lang='lat' dir='ltr'><strong>percutio:</strong></span> <span class='ocrx_word' id='word_1_505' title='bbox 2300 4688 2485 4771; x_wconf 71' lang='grc' dir='ltr'><strong>ἀποπληξίσ,</strong></span> 
     </span>
     <span class='ocr_line' id='line_1_42' title="bbox 471 4772 2486 4863; baseline 0.001 -23"><span class='ocrx_word' id='word_1_506' title='bbox 471 4793 569 4840; x_wconf 72' lang='lat' dir='ltr'><strong>actea</strong></span> <span class='ocrx_word' id='word_1_507' title='bbox 592 4782 738 4839; x_wconf 74' lang='lat' dir='ltr'><strong>macarem</strong></span> <span class='ocrx_word' id='word_1_508' title='bbox 759 4775 940 4840; x_wconf 78' lang='lat' dir='ltr'><strong>audiebant.</strong></span> <span class='ocrx_word' id='word_1_509' title='bbox 984 4775 1055 4838; x_wconf 79' lang='lat' dir='ltr'><strong>Bar</strong></span> <span class='ocrx_word' id='word_1_510' title='bbox 1072 4773 1141 4852; x_wconf 77' lang='lat' dir='ltr'><strong>ptdt</strong></span> <span class='ocrx_word' id='word_1_511' title='bbox 1162 4775 1232 4838; x_wconf 72' lang='lat' dir='ltr'><strong>atro</strong></span> <span class='ocrx_word' id='word_1_512' title='bbox 1257 4772 1337 4837; x_wconf 82' lang='lat' dir='ltr'><strong>Gott.</strong></span> <span class='ocrx_word' id='word_1_513' title='bbox 1377 4772 1453 4837; x_wconf 86' lang='lat' dir='ltr'><strong>Non</strong></span> <span class='ocrx_word' id='word_1_514' title='bbox 1548 4773 1690 4837; x_wconf 87' lang='lat' dir='ltr'><strong>rcuasio.</strong></span> <span class='ocrx_word' id='word_1_515' title='bbox 1736 4773 1811 4839; x_wconf 88' lang='lat' dir='ltr'><strong>Hoc</strong></span> <span class='ocrx_word' id='word_1_516' title='bbox 1832 4774 1878 4849; x_wconf 86' lang='lat' dir='ltr'><strong>lit,</strong></span> <span class='ocrx_word' id='word_1_517' title='bbox 1902 4797 1976 4842; x_wconf 84' lang='lat' dir='ltr'><strong>cunr</strong></span> <span class='ocrx_word' id='word_1_518' title='bbox 1999 4774 2156 4863; x_wconf 78' lang='lat' dir='ltr'><strong>phlegma</strong></span> <span class='ocrx_word' id='word_1_519' title='bbox 2187 4778 2222 4842; x_wconf 91' lang='lat' dir='ltr'><strong>in</strong></span> <span class='ocrx_word' id='word_1_520' title='bbox 2253 4778 2396 4843; x_wconf 74' lang='lat' dir='ltr'><strong>cerebro</strong></span> <span class='ocrx_word' id='word_1_521' title='bbox 2419 4772 2486 4842; x_wconf 90' lang='lat' dir='ltr'><strong>col·</strong></span> 
     </span>
     <span class='ocr_line' id='line_1_43' title="bbox 471 4854 2486 4947; baseline 0.002 -23"><span class='ocrx_word' id='word_1_522' title='bbox 471 4856 533 4924; x_wconf 85' lang='lat' dir='ltr'><strong>fuit</strong></span> <span class='ocrx_word' id='word_1_523' title='bbox 561 4857 716 4925; x_wconf 85' lang='lat' dir='ltr'><strong>Christus</strong></span> <span class='ocrx_word' id='word_1_524' title='bbox 748 4859 795 4925; x_wconf 92' lang='lat' dir='ltr'><strong>ibi</strong></span> <span class='ocrx_word' id='word_1_525' title='bbox 827 4860 980 4925; x_wconf 88' lang='lat' dir='ltr'><strong>domiuus</strong></span> <span class='ocrx_word' id='word_1_526' title='bbox 1013 4854 1187 4942; x_wconf 86' lang='lat' dir='ltr'><strong>politicus,</strong></span> <span class='ocrx_word' id='word_1_527' title='bbox 1219 4868 1257 4922; x_wconf 90' lang='lat' dir='ltr'><strong>ut</strong></span> <span class='ocrx_word' id='word_1_528' title='bbox 1291 4858 1452 4925; x_wconf 87' lang='lat' dir='ltr'><strong>centurio.</strong></span> <span class='ocrx_word' id='word_1_529' title='bbox 1518 4865 1627 4921; x_wconf 86' lang='lat' dir='ltr'><strong>ectum</strong></span> <span class='ocrx_word' id='word_1_530' title='bbox 1651 4860 1797 4925; x_wconf 89' lang='lat' dir='ltr'><strong>concidit</strong></span> <span class='ocrx_word' id='word_1_531' title='bbox 1820 4861 1852 4927; x_wconf 89' lang='lat' dir='ltr'><strong>in</strong></span> <span class='ocrx_word' id='word_1_532' title='bbox 1881 4862 2075 4947; x_wconf 86' lang='lat' dir='ltr'><strong>principium</strong></span> <span class='ocrx_word' id='word_1_533' title='bbox 2103 4880 2316 4937; x_wconf 70' lang='lat' dir='ltr'><strong>narrentur.</strong></span> <span class='ocrx_word' id='word_1_534' title='bbox 2335 4882 2415 4929; x_wconf 77' lang='lat' dir='ltr'><strong>mm</strong></span> <span class='ocrx_word' id='word_1_535' title='bbox 2446 4880 2486 4928; x_wconf 80' lang='lat' dir='ltr'><strong>ec</strong></span> 
     </span>
     <span class='ocr_line' id='line_1_44' title="bbox 471 4942 2485 5035; baseline 0.001 -25"><span class='ocrx_word' id='word_1_536' title='bbox 471 4945 548 5010; x_wconf 86' lang='lat' dir='ltr'><strong>Nou</strong></span> <span class='ocrx_word' id='word_1_537' title='bbox 571 4947 621 5010; x_wconf 88' lang='lat' dir='ltr'><strong>sic</strong></span> <span class='ocrx_word' id='word_1_538' title='bbox 644 4943 848 5034; x_wconf 85' lang='lat' dir='ltr'><strong>intelligatis,</strong></span> <span class='ocrx_word' id='word_1_539' title='bbox 870 4942 1093 5030; x_wconf 77' lang='lat' dir='ltr'><strong>sicutEptseo</strong></span> <span class='ocrx_word' id='word_1_540' title='bbox 1117 4944 1304 5009; x_wconf 84' lang='lat' dir='ltr'><strong>iscribunt=</strong></span> <span class='ocrx_word' id='word_1_541' title='bbox 1330 4946 1454 5012; x_wconf 77' lang='lat' dir='ltr'><strong>amm</strong></span> <span class='ocrx_word' id='word_1_542' title='bbox 1504 4943 1629 5027; x_wconf 89' lang='lat' dir='ltr'><strong>impetu</strong></span> <span class='ocrx_word' id='word_1_543' title='bbox 1641 4947 1732 5010; x_wconf 81' lang='lat' dir='ltr'><strong>nervi</strong></span> <span class='ocrx_word' id='word_1_544' title='bbox 1745 4948 1939 5013; x_wconf 89' lang='lat' dir='ltr'><strong>obruuntur.</strong></span> <span class='ocrx_word' id='word_1_545' title='bbox 1963 4944 2485 5035; x_wconf 83' lang='lat' dir='ltr'><strong>Suntaliinerri,quiimmediato</strong></span> 
     </span>
     <span class='ocr_line' id='line_1_45' title="bbox 401 5027 2466 5119; baseline 0.002 -22"><span class='ocrx_word' id='word_1_546' title='bbox 401 5052 403 5059; x_wconf 93' lang='lat'>·</span> <span class='ocrx_word' id='word_1_547' title='bbox 471 5041 552 5098; x_wconf 78' lang='lat' dir='ltr'><strong>atate</strong></span> <span class='ocrx_word' id='word_1_548' title='bbox 570 5037 704 5114; x_wconf 82' lang='lat' dir='ltr'><strong>Metnts3</strong></span> <span class='ocrx_word' id='word_1_549' title='bbox 722 5035 783 5099; x_wconf 90' lang='lat' dir='ltr'><strong>sed</strong></span> <span class='ocrx_word' id='word_1_550' title='bbox 805 5030 919 5097; x_wconf 87' lang='lat' dir='ltr'><strong>habuit</strong></span> <span class='ocrx_word' id='word_1_551' title='bbox 941 5031 986 5096; x_wconf 93' lang='lat' dir='ltr'><strong>ibi</strong></span> <span class='ocrx_word' id='word_1_552' title='bbox 1002 5031 1055 5096; x_wconf 88' lang='lat' dir='ltr'><strong>ius</strong></span> <span class='ocrx_word' id='word_1_553' title='bbox 1077 5029 1235 5104; x_wconf 74' lang='lat' dir='ltr'><strong>civitatis3</strong></span> <span class='ocrx_word' id='word_1_554' title='bbox 1257 5039 1294 5095; x_wconf 89' lang='lat' dir='ltr'><strong>ut</strong></span> <span class='ocrx_word' id='word_1_555' title='bbox 1315 5027 1455 5096; x_wconf 90' lang='lat' dir='ltr'><strong>baberet</strong></span> <span class='ocrx_word' id='word_1_556' title='bbox 1505 5039 1627 5115; x_wconf 87' lang='lat' dir='ltr'><strong>regunt</strong></span> <span class='ocrx_word' id='word_1_557' title='bbox 1648 5041 1785 5111; x_wconf 87' lang='lat' dir='ltr'><strong>motmn,</strong></span> <span class='ocrx_word' id='word_1_558' title='bbox 1802 5029 1858 5098; x_wconf 85' lang='lat' dir='ltr'><strong>olii</strong></span> <span class='ocrx_word' id='word_1_559' title='bbox 1879 5035 2043 5114; x_wconf 80' lang='lat' dir='ltr'><strong>sensitivi‚</strong></span> <span class='ocrx_word' id='word_1_560' title='bbox 2089 5038 2123 5101; x_wconf 91' lang='lat' dir='ltr'><strong>ui</strong></span> <span class='ocrx_word' id='word_1_561' title='bbox 2144 5034 2353 5119; x_wconf 86' lang='lat' dir='ltr'><strong>subtilia-ras</strong></span> <span class='ocrx_word' id='word_1_562' title='bbox 2373 5047 2466 5103; x_wconf 84' lang='lat' dir='ltr'><strong>suut.</strong></span> 
     </span>
     <span class='ocr_line' id='line_1_46' title="bbox 471 5054 2486 5204; baseline 0 -22"><span class='ocrx_word' id='word_1_563' title='bbox 471 5115 653 5204; x_wconf 78' lang='lat' dir='ltr'><strong>legitimam</strong></span> <span class='ocrx_word' id='word_1_564' title='bbox 692 5117 830 5184; x_wconf 88' lang='lat' dir='ltr'><strong>tutelam</strong></span> <span class='ocrx_word' id='word_1_565' title='bbox 870 5133 988 5184; x_wconf 86' lang='lat' dir='ltr'><strong>contra</strong></span> <span class='ocrx_word' id='word_1_566' title='bbox 1027 5115 1194 5182; x_wconf 89' lang='lat' dir='ltr'><strong>llerodem</strong></span> <span class='ocrx_word' id='word_1_567' title='bbox 1232 5112 1452 5202; x_wconf 87' lang='lat' dir='ltr'><strong>vulpeculam.</strong></span> <span class='ocrx_word' id='word_1_568' title='bbox 1591 5117 1771 5204; x_wconf 77' lang='grc' dir='ltr'><strong><em>Παρᾰλυσις</em></strong></span> <span class='ocrx_word' id='word_1_569' title='bbox 1787 5118 1869 5183; x_wconf 78' lang='lat' dir='ltr'><strong>letrt</strong></span> <span class='ocrx_word' id='word_1_570' title='bbox 1891 5121 1972 5182; x_wconf 77' lang='lat' dir='ltr'><strong>tabor</strong></span> <span class='ocrx_word' id='word_1_571' title='bbox 1992 5054 2127 5195; x_wconf 51' lang='lat' dir='ltr'><strong>aaran,</strong></span> <span class='ocrx_word' id='word_1_572' title='bbox 2144 5143 2219 5188; x_wconf 86' lang='lat' dir='ltr'><strong>curn</strong></span> <span class='ocrx_word' id='word_1_573' title='bbox 2241 5122 2420 5189; x_wconf 67' lang='lat' dir='ltr'><strong>cerebrum</strong></span> <span class='ocrx_word' id='word_1_574' title='bbox 2435 5132 2486 5188; x_wconf 76' lang='lat' dir='ltr'><strong>sat</strong></span> 
     </span>
     <span class='ocr_line' id='line_1_47' title="bbox 471 5200 2487 5288; baseline 0.001 -19"><span class='ocrx_word' id='word_1_575' title='bbox 471 5201 556 5269; x_wconf 87' lang='lat' dir='ltr'><strong>Nam</strong></span> <span class='ocrx_word' id='word_1_576' title='bbox 589 5205 618 5268; x_wconf 74' lang='lat' dir='ltr'><strong>si</strong></span> <span class='ocrx_word' id='word_1_577' title='bbox 648 5204 800 5271; x_wconf 90' lang='lat' dir='ltr'><strong>Herodes</strong></span> <span class='ocrx_word' id='word_1_578' title='bbox 823 5203 992 5272; x_wconf 84' lang='lat' dir='ltr'><strong>Christum</strong></span> <span class='ocrx_word' id='word_1_579' title='bbox 1025 5202 1301 5288; x_wconf 90' lang='lat' dir='ltr'><strong>deprehendisset</strong></span> <span class='ocrx_word' id='word_1_580' title='bbox 1331 5201 1365 5268; x_wconf 94' lang='lat' dir='ltr'><strong>in</strong></span> <span class='ocrx_word' id='word_1_581' title='bbox 1392 5222 1454 5269; x_wconf 91' lang='lat' dir='ltr'><strong>sua</strong></span> <span class='ocrx_word' id='word_1_582' title='bbox 1504 5200 1683 5282; x_wconf 88' lang='lat' dir='ltr'><strong>incolome,</strong></span> <span class='ocrx_word' id='word_1_583' title='bbox 1705 5205 1772 5267; x_wconf 83' lang='lat' dir='ltr'><strong>aad</strong></span> <span class='ocrx_word' id='word_1_584' title='bbox 1793 5206 1888 5268; x_wconf 82' lang='lat' dir='ltr'><strong>wirdt</strong></span> <span class='ocrx_word' id='word_1_585' title='bbox 1909 5207 1993 5272; x_wconf 82' lang='lat' dir='ltr'><strong>doclt</strong></span> <span class='ocrx_word' id='word_1_586' title='bbox 2014 5211 2065 5268; x_wconf 80' lang='lat' dir='ltr'><strong>eia</strong></span> <span class='ocrx_word' id='word_1_587' title='bbox 2086 5229 2162 5282; x_wconf 82' lang='lat' dir='ltr'><strong>arm,</strong></span> <span class='ocrx_word' id='word_1_588' title='bbox 2184 5209 2266 5287; x_wconf 66' lang='lat' dir='ltr'><strong>dan,</strong></span> <span class='ocrx_word' id='word_1_589' title='bbox 2287 5208 2368 5271; x_wconf 83' lang='lat' dir='ltr'><strong>oder</strong></span> <span class='ocrx_word' id='word_1_590' title='bbox 2387 5207 2487 5271; x_wconf 67' lang='lat' dir='ltr'><strong>aaa</strong></span> 
     </span>
     <span class='ocr_line' id='line_1_48' title="bbox 472 5287 2484 5377; baseline 0.002 -23"><span class='ocrx_word' id='word_1_591' title='bbox 472 5291 609 5367; x_wconf 88' lang='lat' dir='ltr'><strong>ditione,</strong></span> <span class='ocrx_word' id='word_1_592' title='bbox 631 5300 710 5355; x_wconf 91' lang='lat' dir='ltr'><strong>tuuc</strong></span> <span class='ocrx_word' id='word_1_593' title='bbox 732 5312 806 5356; x_wconf 88' lang='lat' dir='ltr'><strong>eum</strong></span> <span class='ocrx_word' id='word_1_594' title='bbox 829 5290 916 5356; x_wconf 88' lang='lat' dir='ltr'><strong>clam</strong></span> <span class='ocrx_word' id='word_1_595' title='bbox 938 5287 1172 5369; x_wconf 82' lang='lat' dir='ltr'><strong>interfecisset,</strong></span> <span class='ocrx_word' id='word_1_596' title='bbox 1194 5307 1257 5354; x_wconf 93' lang='lat' dir='ltr'><strong>nec</strong></span> <span class='ocrx_word' id='word_1_597' title='bbox 1273 5290 1345 5355; x_wconf 87' lang='lat' dir='ltr'><strong>cius</strong></span> <span class='ocrx_word' id='word_1_598' title='bbox 1366 5309 1454 5354; x_wconf 84' lang='lat' dir='ltr'><strong>mor·</strong></span> <span class='ocrx_word' id='word_1_599' title='bbox 1504 5287 1593 5370; x_wconf 69' lang='lat' dir='ltr'><strong>paea</strong></span> <span class='ocrx_word' id='word_1_600' title='bbox 1615 5289 1713 5371; x_wconf 81' lang='lat' dir='ltr'><strong>tubm3</strong></span> <span class='ocrx_word' id='word_1_601' title='bbox 1747 5290 1947 5359; x_wconf 85' lang='lat' dir='ltr'><strong>Germanica</strong></span> <span class='ocrx_word' id='word_1_602' title='bbox 1975 5295 2087 5360; x_wconf 84' lang='lat' dir='ltr'><strong>versio</strong></span> <span class='ocrx_word' id='word_1_603' title='bbox 2119 5292 2223 5361; x_wconf 84' lang='lat' dir='ltr'><strong>habet</strong></span> <span class='ocrx_word' id='word_1_604' title='bbox 2253 5293 2484 5377; x_wconf 73' lang='lat' dir='ltr'><strong>ptcbtdntclt‘p.</strong></span> 
     </span>
     <span class='ocr_line' id='line_1_49' title="bbox 473 5372 2485 5469; baseline 0.007 -29"><span class='ocrx_word' id='word_1_605' title='bbox 473 5377 515 5440; x_wconf 83' lang='lat' dir='ltr'><strong>tis</strong></span> <span class='ocrx_word' id='word_1_606' title='bbox 539 5373 627 5440; x_wconf 86' lang='lat' dir='ltr'><strong>larua</strong></span> <span class='ocrx_word' id='word_1_607' title='bbox 650 5388 740 5441; x_wconf 88' lang='lat' dir='ltr'><strong>tanta</strong></span> <span class='ocrx_word' id='word_1_608' title='bbox 762 5373 900 5456; x_wconf 81' lang='lat' dir='ltr'><strong>luisset,</strong></span> <span class='ocrx_word' id='word_1_609' title='bbox 924 5377 1048 5442; x_wconf 91' lang='lat' dir='ltr'><strong>utiam</strong></span> <span class='ocrx_word' id='word_1_610' title='bbox 1070 5387 1133 5441; x_wconf 88' lang='lat' dir='ltr'><strong>est.</strong></span> <span class='ocrx_word' id='word_1_611' title='bbox 1188 5372 1343 5443; x_wconf 84' lang='lat' dir='ltr'><strong>Christus</strong></span> <span class='ocrx_word' id='word_1_612' title='bbox 1370 5395 1454 5462; x_wconf 87' lang='lat' dir='ltr'><strong>ergo</strong></span> <span class='ocrx_word' id='word_1_613' title='bbox 1505 5374 1542 5438; x_wconf 93' lang='lat' dir='ltr'><strong>ld</strong></span> <span class='ocrx_word' id='word_1_614' title='bbox 1575 5378 1682 5463; x_wconf 87' lang='lat' dir='ltr'><strong>magis</strong></span> <span class='ocrx_word' id='word_1_615' title='bbox 1715 5381 1868 5465; x_wconf 82' lang='lat' dir='ltr'><strong>congruit</strong></span> <span class='ocrx_word' id='word_1_616' title='bbox 1899 5380 1943 5446; x_wconf 86' lang='lat' dir='ltr'><strong>ad</strong></span> <span class='ocrx_word' id='word_1_617' title='bbox 1965 5381 2183 5447; x_wconf 86' lang='lat' dir='ltr'><strong>arthritidcm.</strong></span> <span class='ocrx_word' id='word_1_618' title='bbox 2224 5380 2294 5448; x_wconf 80' lang='lat' dir='ltr'><strong>Sed</strong></span> <span class='ocrx_word' id='word_1_619' title='bbox 2316 5380 2485 5469; x_wconf 67' lang='grc' dir='ltr'><strong>παράλυσις</strong></span> 
     </span>
     <span class='ocr_line' id='line_1_50' title="bbox 473 5455 2483 5548; baseline 0.002 -21"><span class='ocrx_word' id='word_1_620' title='bbox 473 5483 538 5528; x_wconf 88' lang='lat' dir='ltr'><strong>nos</strong></span> <span class='ocrx_word' id='word_1_621' title='bbox 560 5459 663 5528; x_wconf 88' lang='lat' dir='ltr'><strong>voluit</strong></span> <span class='ocrx_word' id='word_1_622' title='bbox 686 5464 827 5541; x_wconf 89' lang='lat' dir='ltr'><strong>docere,</strong></span> <span class='ocrx_word' id='word_1_623' title='bbox 859 5461 983 5528; x_wconf 90' lang='lat' dir='ltr'><strong>licitum</strong></span> <span class='ocrx_word' id='word_1_624' title='bbox 1009 5462 1156 5528; x_wconf 83' lang='lat' dir='ltr'><strong>essenti</strong></span> <span class='ocrx_word' id='word_1_625' title='bbox 1179 5457 1454 5548; x_wconf 78' lang='lat' dir='ltr'><strong>defensionapo·</strong></span> <span class='ocrx_word' id='word_1_626' title='bbox 1506 5455 1638 5539; x_wconf 86' lang='lat' dir='ltr'><strong>dicitur,</strong></span> <span class='ocrx_word' id='word_1_627' title='bbox 1662 5485 1736 5530; x_wconf 91' lang='lat' dir='ltr'><strong>cum</strong></span> <span class='ocrx_word' id='word_1_628' title='bbox 1757 5467 1940 5531; x_wconf 89' lang='lat' dir='ltr'><strong>membrum</strong></span> <span class='ocrx_word' id='word_1_629' title='bbox 1963 5479 2015 5532; x_wconf 87' lang='lat' dir='ltr'><strong>est</strong></span> <span class='ocrx_word' id='word_1_630' title='bbox 2036 5470 2110 5533; x_wconf 85' lang='lat' dir='ltr'><strong>sine</strong></span> <span class='ocrx_word' id='word_1_631' title='bbox 2130 5478 2242 5546; x_wconf 72' lang='lat' dir='ltr'><strong>motat</strong></span> <span class='ocrx_word' id='word_1_632' title='bbox 2275 5481 2310 5533; x_wconf 85' lang='lat' dir='ltr'><strong>at</strong></span> <span class='ocrx_word' id='word_1_633' title='bbox 2341 5468 2412 5536; x_wconf 89' lang='lat' dir='ltr'><strong>hoo</strong></span> <span class='ocrx_word' id='word_1_634' title='bbox 2442 5468 2483 5531; x_wconf 84' lang='lat' dir='ltr'><strong>si·</strong></span> 
     </span>
     <span class='ocr_line' id='line_1_51' title="bbox 472 5545 2484 5639; baseline 0.002 -25"><span class='ocrx_word' id='word_1_635' title='bbox 472 5546 576 5629; x_wconf 88' lang='lat' dir='ltr'><strong>liticu,</strong></span> <span class='ocrx_word' id='word_1_636' title='bbox 599 5560 633 5614; x_wconf 91' lang='lat' dir='ltr'><strong>et</strong></span> <span class='ocrx_word' id='word_1_637' title='bbox 651 5569 718 5613; x_wconf 90' lang='lat' dir='ltr'><strong>non</strong></span> <span class='ocrx_word' id='word_1_638' title='bbox 742 5547 988 5636; x_wconf 81' lang='lat' dir='ltr'><strong>negligendum,</strong></span> <span class='ocrx_word' id='word_1_639' title='bbox 1009 5548 1070 5612; x_wconf 91' lang='lat' dir='ltr'><strong>sed</strong></span> <span class='ocrx_word' id='word_1_640' title='bbox 1093 5549 1360 5613; x_wconf 86' lang='lat' dir='ltr'><strong>conservandum</strong></span> <span class='ocrx_word' id='word_1_641' title='bbox 1377 5567 1455 5614; x_wconf 83' lang='lat' dir='ltr'><strong>esse</strong></span> <span class='ocrx_word' id='word_1_642' title='bbox 1505 5545 1625 5614; x_wconf 88' lang='lat' dir='ltr'><strong>militer</strong></span> <span class='ocrx_word' id='word_1_643' title='bbox 1646 5551 1738 5615; x_wconf 84' lang='lat' dir='ltr'><strong>venit</strong></span> <span class='ocrx_word' id='word_1_644' title='bbox 1759 5571 1800 5616; x_wconf 84' lang='lat' dir='ltr'><strong>ex</strong></span> <span class='ocrx_word' id='word_1_645' title='bbox 1817 5552 2078 5639; x_wconf 87' lang='lat' dir='ltr'><strong>intemperantia.</strong></span> <span class='ocrx_word' id='word_1_646' title='bbox 2122 5552 2180 5635; x_wconf 84' lang='lat' dir='ltr'><strong>Ut,</strong></span> <span class='ocrx_word' id='word_1_647' title='bbox 2201 5576 2278 5623; x_wconf 87' lang='lat' dir='ltr'><strong>cum</strong></span> <span class='ocrx_word' id='word_1_648' title='bbox 2299 5556 2396 5622; x_wconf 86' lang='lat' dir='ltr'><strong>uerri</strong></span> <span class='ocrx_word' id='word_1_649' title='bbox 2416 5574 2484 5620; x_wconf 92' lang='lat' dir='ltr'><strong>mo·</strong></span> 
     </span>
     <span class='ocr_line' id='line_1_52' title="bbox 474 5630 2483 5722; baseline 0.003 -22"><span class='ocrx_word' id='word_1_650' title='bbox 474 5637 623 5702; x_wconf 89' lang='lat' dir='ltr'><strong>ordinem</strong></span> <span class='ocrx_word' id='word_1_651' title='bbox 653 5632 832 5721; x_wconf 81' lang='lat' dir='ltr'><strong>politicum.</strong></span> <span class='ocrx_word' id='word_1_652' title='bbox 887 5634 960 5700; x_wconf 84' lang='lat' dir='ltr'><strong>Vos</strong></span> <span class='ocrx_word' id='word_1_653' title='bbox 993 5630 1229 5701; x_wconf 85' lang='lat' dir='ltr'><strong>adolescentes</strong></span> <span class='ocrx_word' id='word_1_654' title='bbox 1260 5631 1455 5721; x_wconf 87' lang='lat' dir='ltr'><strong>plerumque</strong></span> <span class='ocrx_word' id='word_1_655' title='bbox 1505 5634 1563 5701; x_wconf 89' lang='lat' dir='ltr'><strong>tivi</strong></span> <span class='ocrx_word' id='word_1_656' title='bbox 1584 5655 1627 5701; x_wconf 86' lang='lat' dir='ltr'><strong>ex</strong></span> <span class='ocrx_word' id='word_1_657' title='bbox 1651 5637 1802 5722; x_wconf 81' lang='lat' dir='ltr'><strong>putribus</strong></span> <span class='ocrx_word' id='word_1_658' title='bbox 1823 5638 2041 5721; x_wconf 87' lang='lat' dir='ltr'><strong>humoribus,</strong></span> <span class='ocrx_word' id='word_1_659' title='bbox 2075 5658 2140 5709; x_wconf 83' lang='lat' dir='ltr'><strong>aaa</strong></span> <span class='ocrx_word' id='word_1_660' title='bbox 2170 5660 2213 5709; x_wconf 81' lang='lat' dir='ltr'><strong>ox</strong></span> <span class='ocrx_word' id='word_1_661' title='bbox 2245 5660 2314 5708; x_wconf 88' lang='lat' dir='ltr'><strong>aon</strong></span> <span class='ocrx_word' id='word_1_662' title='bbox 2339 5639 2483 5710; x_wconf 81' lang='lat' dir='ltr'><strong>uatmali</strong></span> 
     </span>
    </p>
   </div>
   <div class='ocr_carea' id='block_1_3' title="bbox 0 0 2972 6709">
    <p class='ocr_par' dir='ltr' id='par_1_3' title="bbox 0 0 2972 6709">
     <span class='ocr_line' id='line_1_53' title="bbox 0 0 2972 6709; baseline 0 0"><span class='ocrx_word' id='word_1_663' title='bbox 0 0 2972 6709; x_wconf 95' lang='lat' dir='ltr'><strong> </strong></span> 
     </span>
    </p>
   </div>
  </div>
 </body>
</html>
