5934 6709
2228 703 2455 772 PfflL.
2496 702 2705 770 MEL.
2749 700 3128 771 SCRIPTA
3168 700 3702 771 EXEGETICA.

4853 702 4986 775 124

948 892 1099 961 aliis
1143 896 1349 961 rebus
1394 892 1848 981 gravioribus,
1912 912 2084 979 quae
2126 892 2215 959 ad
2256 912 2468 959 meam
2483 936 2507 973 ,
2577 892 2669 959 ad
2708 902 2913 971 tuam,
2964 947 2967 948 γ
3013 891 3245 961 tinent.
3333 889 3654 957 Dicamus
3695 911 3874 958 nunc
3917 891 4001 958 de
4045 891 4255 976 prima
4308 892 4741 977 quaestione,
4806 910 4985 980 quae

951 992 1021 1047 et
1062 979 1342 1047 aliorum
1384 984 1726 1046 aeternam
1767 975 2055 1045 salutem
2097 980 2447 1066 pertinent.

1210 1309 1432 1414 Quid
1491 1310 1893 1423 significat
1949 1339 2252 1395 nomen
2313 1306 2673 1395 Christi?

1121 1493 1302 1560 Idem
1369 1494 1551 1581 quod
1626 1505 1886 1559 unctus.
2014 1492 2130 1559 Sic
2194 1505 2415 1559 autem
2489 1492 2915 1558 nominarunt

947 1581 1208 1670 Reges:
1281 1582 1608 1646 interdum
1673 1591 1740 1643 et
1804 1578 2258 1646 Sacerdotes:
2339 1578 2496 1664 quia
2556 1576 2783 1666 Reges
2848 1586 2956 1644 et'

948 1669 1349 1736 Sacerdotes
1412 1687 1499 1730 un
1552 1667 1852 1730 ebantur.
1975 1664 2171 1732 Unde
2246 1677 2565 1751 acceptus
2633 1675 2742 1731 est
2802 1661 2914 1733 hic

946 1753 1138 1821 mos?
1246 1752 1442 1818 Haud
1533 1751 1687 1817 ubie
1729 1751 2046 1816 divinitus
2102 1751 2383 1816 traditus
2428 1764 2532 1816 est
2574 1752 2663 1817 ad
2705 1751 2915 1838 signi-

946 1839 1278 1907 ficandam
1344 1837 1761 1918 unctionem,
1826 1858 1959 1923 qua
2023 1838 2170 1920 ipse
2219 1834 2428 1903 Filius
2483 1836 2614 1903 Dei
2672 1851 2914 1904 unctus
2955 1873 2958 1886 ·

948 1935 1055 1993 est
1098 1927 1184 1990 ab
1228 1935 1504 1990 aeterno
1529 1923 1751 2002 Patre,
1794 1934 1866 1988 ut
1910 1924 2178 1989 dicitur=
2228 1922 2442 1990 Una-ie
2466 1934 2531 1990 te
2550 1923 2734 1991 Deus
2775 1926 2916 1991 oleo

944 2017 1240 2080 laetitiae
1254 2055 1276 2090 ,
1313 2020 1590 2094 propter
1640 2017 1976 2077 consortes
2042 2019 2202 2076 tuos.
2307 2008 2647 2076 Aeternus
2714 2009 2918 2076 Pater

946 2099 1134 2164 unxit
1175 2093 1431 2162 Filium.
1543 2096 1616 2162 ln
1657 2097 1793 2161 isto
1836 2092 2004 2161 Filio
2071 2107 2213 2161 tota
2277 2096 2584 2162 divinitas
2650 2094 2907 2162 habitat

948 2185 1329 2266 σωματικῶς.
1383 2182 1537 2248 Non
1571 2193 1826 2249 tantum
1869 2183 1939 2246 in
1983 2184 2131 2266 ipso
2176 2192 2283 2248 est
2325 2181 2662 2267 plenitudo
2706 2182 2916 2247 dono-

947 2291 1097 2336 rum
1140 2269 1456 2354 Spiritusz
1522 2269 1647 2334 sed
1708 2266 2043 2333 Divinitas
2123 2289 2205 2334 co
2290 2266 2596 2347 oraliter,
2662 2268 2732 2333 id
2788 2279 2916 2348 est,

948 2353 1398 2441 personaliter
1441 2366 1546 2419 est
1588 2356 1656 2419 in
1690 2355 1857 2439 ipso.
1924 2355 2173 2419 Postea
2209 2288 2329 2419 ffie
2364 2352 2672 2420 Christus
2718 2355 2917 2420 etiam

947 2454 1194 2508 unctus
1260 2451 1368 2506 est
1432 2441 1799 2506 secundum
1854 2437 2363 2520 humanitatem,
2428 2451 2499 2507 ut
2565 2441 2653 2504 sit
2721 2440 2789 2506 in
2833 2460 2915 2506 eo

946 2526 1286 2612 plenitudo
1332 2524 1643 2609 Spiritus.

1127 2612 1245 2680 Sic
1286 2609 1403 2677 ille
1445 2609 1646 2678 homo
1690 2609 2002 2677 Christus
2043 2622 2288 2678 unctus
2333 2623 2474 2691 est,
2519 2621 2593 2678 ut
2636 2613 2724 2678 sit
2767 2633 2916 2679 ver-

949 2700 1107 2766 bum
1163 2699 1416 2764 aeterni
1469 2697 1725 2765 Patris:
1781 2698 1869 2762 sit
1924 2698 1994 2762 in
2048 2699 2177 2764 hac
2233 2716 2529 2782 persona
2572 2696 2910 2784 copulatio

950 2784 1240 2852 duarum
1250 2794 1635 2850 naturarum
1654 2806 1673 2860 ς
1719 2784 1981 2862 deinde,
2003 2799 2074 2848 ut
2096 2781 2385 2849 humana
2405 2794 2642 2850 natura
2666 2783 2915 2850 Christi

950 2871 1042 2936 sit
1072 2869 1320 2937 donata
1350 2867 1758 2957 plenitudine
1788 2871 2116 2936 donorum
2152 2870 2441 2955 Spiritus
2475 2872 2711 2936 sancti.
2775 2870 2916 2938 Ista
2957 2947 2958 2952 ἵ

947 2956 1175 3023 unctio
1220 2954 1600 3044 significata
1642 2966 1749 3022 est
1790 2956 1860 3022 in
1903 2957 2219 3022 unctione
2260 2954 2520 3042 Regum
2564 2966 2632 3022 et
2674 2955 2914 3023 Sacer-

951 3044 1213 3121 dotum,
1327 3043 1397 3109 ui
1459 3037 1727 3108 fuerunt
1788 3041 2011 3121 uncti,
2079 3053 2154 3108 ut
2211 3052 2443 3107 essent
2510 3042 2651 3129 typi
2712 3042 2913 3110 huius

950 3125 1223 3194 Christi.
1281 3062 1651 3195 Praeterea
1690 3129 1839 3213 ipse
1871 3128 2065 3214 ungit
2096 3147 2222 3193 nos
2258 3147 2550 3215 quoq-ue,
2583 3139 2656 3194 ut
2688 3139 2911 3195 textus

950 3215 1074 3283 ait:
1128 3212 1332 3280 Unxz’t
1373 3221 1438 3279 te
1477 3216 1618 3280 oleo
1660 3215 1989 3292 laetitiae,
2030 3221 2313 3299 propter
2354 3222 2689 3281 consortes
2730 3223 2913 3282 tuos.-

947 3300 1016 3367 id
1073 3311 1213 3381 est,
1278 3297 1431 3369 oleo
1487 3295 1876 3367 dulcissimo
1934 3298 2316 3368 vivificante
2370 3320 2500 3366 nos
2558 3320 2643 3366 ex
2694 3302 2913 3368 media
2951 3318 2952 3322 ’

948 3397 1199 3468 morte,
1263 3397 1333 3452 et
1386 3386 1851 3454 sanctificante
1909 3405 2061 3452 nos.
2168 3385 2245 3451 ln
2298 3386 2510 3453 veteri
2563 3398 2745 3453 textu
2808 3399 2915 3455 est

946 3492 1120 3559 prae
1159 3472 1595 3539 consortibusz
1637 3473 1763 3538 sed
1806 3473 2007 3539 debet
2038 3490 2221 3539 esse:
2352 3479 2544 3557 optet·
2577 3483 2914 3541 consortes

948 3565 1130 3636 tuos,
1177 3559 1334 3643 quia
1377 3577 1622 3625 caussa
1663 3569 1772 3623 est
1813 3555 2213 3643 significata.
2346 3569 2417 3624 ta
2461 3557 2913 3627 Grammatica

951 3642 1401 3710 considerate:
1467 3642 1625 3731 quia
1680 3643 1931 3711 initium
1988 3641 2144 3709 fidei
2198 3654 2308 3709 est
2349 3644 2800 3713 consideratio
2847 3657 2916 3713 et

948 3724 1326 3797 intellectus
1383 3727 1890 3797 vocabulorum.
1996 3728 2155 3791 Man
2215 3751 2347 3792 mm
2398 3730 2574 3794 nicht
2629 3753 2704 3794 so
2753 3732 2913 3816 grob

949 3818 1118 3890 sein,
1161 3815 1293 3878 md
1334 3815 1633 3887 «lanchen,
1672 3836 1818 3879 man
1858 3815 2040 3898 ‹lav-ff
2055 3814 2264 3880 m‘clm
2303 3816 2641 3883 maiorm.

950 4131 1174 4237 Quid
1232 4142 1361 4217 est
1421 4131 1647 4243 quod
1707 4130 2036 4214 dicitur:
2112 4141 2360 4206 Portae
2409 4144 2749 4222 inferna-mn
2787 4164 2917 4261 non

1681 4278 2172 4362 praecanam?

1123 4427 1196 4494 ld
1230 4440 1359 4508 est,
1387 4433 1681 4518 imperia.
1751 4433 1977 4508 Quare
2009 4447 2248 4520 portae
2287 4434 2668 4522 significant
2710 4436 2916 4523 impe-

949 4513 1163 4580 rium?
1259 4513 1430 4588 Quia
1479 4531 1678 4604 porta
1729 4519 2059 4606 significat
2112 4540 2357 4587 arcem.
2470 4521 2715 4589 Portae
2756 4535 2915 4591 sunt

952 4619 1186 4679 arces,
1240 4601 1307 4666 in
1361 4604 1607 4690 quibus
1663 4617 1822 4672 sunt
1876 4608 2114 4672 summi
2155 4606 2255 4672 Re
2390 4653 2413 4688 ,
2470 4619 2538 4674 et
2676 4611 2915 4676 berna-

947 4697 1157 4754 tores.
1263 4687 1547 4763 Quando
1607 4710 1737 4758 nos
1793 4691 2101 4758 dicimus:
2168 4692 2274 4758 Vo
2307 4715 2348 4761 o
2394 4695 2492 4760 ire
2536 4714 2577 4760 a
2666 4715 2915 4775 arcem,

945 4772 1015 4839 id
1058 4784 1167 4841 est
1208 4775 1298 4841 ad
1340 4777 1728 4863 principem,
1771 4797 1895 4844 seu
1932 4779 2482 4866 gubernatorem:
2525 4777 2620 4845 illi
2657 4781 2913 4849 dicunt:

945 4862 1016 4921 ἐπ
1052 4869 1338 4943 portam,
1385 4864 1540 4950 quia
1583 4866 1652 4930 in
1695 4866 1907 4951 portis
1950 4864 2275 4930 sedebant
2316 4867 2678 4951 principes.
2777 4868 2915 4935 Ho-

945 4966 1171 5015 merus
1214 4950 1411 5016 etiam
1453 4950 1557 5018 sic
1598 4948 1892 5038 loquitur
1936 4948 2049 5030 [ll.
2087 4949 2214 5030 lX,
2256 4949 2387 5017 312
2428 4958 2606 5040 sq.]:

1116 5066 1380 5177 Ἐχθρὸς
1421 5072 1541 5158 γάρ
1582 5097 1689 5154 μοι
1728 5079 1921 5148 κεῖνος
1954 5070 2125 5155 ὅμῶς
2167 5070 2352 5137 ἀΐδαο
2394 5073 2655 5159 πύλῃσιν

1100 5151 1213 5230 ‘vg
1252 5181 1294 5240 χ
1352 5155 1547 5244 ἕτερον
1584 5164 1694 5241 μὲν
1735 5158 1945 5225 κεύθει
1985 5162 2074 5223 ἐνὶ
2114 5162 2365 5246 φρεσὶν,
2406 5159 2560 5226 ἄλλο
2603 5159 2673 5225 δὲ
2715 5161 2877 5248 εἴπῃ.

947 5272 1083 5339 Ode·
1122 5273 1298 5338 illum
1338 5278 1503 5340 sicut
1536 5285 1767 5361 portas
1805 5281 2177 5360 inferorum,
2238 5281 2349 5362 qui
2389 5280 2568 5344 aliud
2609 5279 2910 5363 loquitur,

944 5369 1008 5423 et
1052 5360 1235 5424 aliud
1277 5363 1556 5427 occultat
1594 5367 1665 5427 in
1709 5367 1942 5427 misma·
2036 5366 2384 5452 Principes
2436 5368 2505 5433 in
2548 5367 2759 5453 portis
2804 5385 2912 5432 se·

945 5446 1214 5515 debant.
1302 5447 1508 5518 Porta
1546 5446 1672 5518 fuit
1715 5452 1903 5519 curia
1946 5463 2016 5518 et
2056 5452 2222 5518 arxi
2292 5450 2536 5520 Adhuc
2568 5453 2913 5521 nominant

943 5531 1573 5626 Constantinopolin
1628 5537 1896 5602 Portam
1948 5538 2246 5602 Caesaris
2257 5585 2281 5620 ,
2342 5539 2413 5604 id
2454 5549 2594 5621 est,
2659 5536 2909 5607 arcem.
2966 5614 2968 5621 Δ

942 5618 1134 5690 Haec
1172 5634 1331 5692 sunt
1369 5623 1678 5713 puerilia,
1705 5636 1777 5694 et
1817 5636 2043 5694 tamen
2075 5627 2165 5694 ad
2201 5623 2718 5694 Grammaticus
2759 5646 2912 5714 per·

3018 990 3124 1043 est
3166 975 3340 1061 lapis
3376 976 3751 1063 angularis,
3795 998 3921 1044 seu
3963 974 4495 1057 fundamentum,
4541 977 4610 1043 in
4652 998 4786 1064 quo
4825 998 4987 1047 con·

2955 1075 2958 1094 “
3017 1064 3349 1143 sistimus,
3394 1084 3515 1129 seu
3559 1065 3627 1128 in
3671 1084 3807 1151 quo
3852 1074 4119 1151 oportet
4157 1084 4286 1129 nos
4331 1062 4699 1132 aedificari.

2957 1455 2958 1466 ι
3016 1395 3148 1478 Ι)ε
3208 1395 3467 1508 prima
3529 1393 4041 1506 quaestione:
4122 1394 4323 1499 Quis
4384 1396 4490 1479 sit
4550 1392 4983 1487 Christus?

3191 1576 3404 1684 Hodie
3449 1578 3645 1644 etiam
3693 1599 3843 1644 cum
3902 1577 4164 1682 ludaeis
4230 1578 4647 1662 disputamus
4703 1578 4984 1685 easdem

3013 1660 4044 1837 zttsfflzsssssssssxexffli
4064 1665 4168 1817 ‘¹33
4198 1664 4985 1837 3:533‘43103531321232

3018 1846 3147 1915 est,
3170 1848 3238 1901 et
3281 1838 3744 1916 resuscitatus,
3780 1837 3867 1902 de
3910 1857 4044 1923 quo
4087 1836 4539 1904 testificamur.
4609 1836 4833 1903 ludaei
4875 1858 4983 1906 re·

3019 1923 3285 2010 quirunt
3322 1920 3543 1989 alium.
3613 1922 3797 2002 Item,
3830 1925 4169 2009 quaeritur
4204 1924 4379 1988 inter
4412 1943 4540 1988 nos
4565 1932 4634 1989 et
4670 1922 4982 2007 ludaeos,

3019 2031 3106 2075 an
3151 2010 3239 2074 sit
3283 2020 3518 2074 natura
3563 2008 3775 2088 DeuS,
3818 2030 3942 2074 seu
3986 2006 4188 2074 Filius
4220 2005 4370 2075 Dei.
4458 2006 4684 2075 ludaei
4725 2010 4987 2077 habent

3020 2094 3194 2161 hanc
3250 2094 3815 2180 imaginationem:
3880 2095 4096 2161 Nobis
4152 2106 4255 2160 est
4296 2097 4667 2180 promissus
4712 2097 5005 2182 quidam·

3022 2202 3106 2248 ex
3150 2182 3403 2248 semine
3445 2179 3765 2261 Davidis,
3820 2181 3932 2267 qui
3986 2182 4074 2246 sit
4116 2178 4634 2266 amplificaturus
4676 2201 4985 2269 regnum,

3068 2270 3135 2333 ui
3197 2268 3285 2331 sit
3350 2269 3828 2333 constituturus
3887 2269 4135 2333 bonum
4189 2279 4255 2332 et
4309 2264 4662 2352 pulchrum
4715 2279 4983 2340 statum.

3118 2354 3384 2419 t'nobis
3429 2354 3759 2439 promissa
3799 2351 4105 2419 libertas:
4149 2373 4313 2440 ergo
4348 2352 4637 2420 Messias
4672 2350 4985 2423 liberabit

3021 2459 3148 2505 nos
3195 2462 3236 2505 a
3279 2441 3630 2510 servitute.
3690 2449 3757 2504 et
3814 2441 4174 2506 constituet
4225 2441 4400 2505 inter
4451 2460 4581 2505 nos
4635 2441 5019 2526 imperium,

3020 2523 3391 2611 politicum:
3438 2526 3565 2591 iste
3611 2537 3716 2590 est
3759 2527 3961 2591 homo
4003 2527 4243 2602 miser,
4294 2546 4434 2591 non
4458 2527 4682 2592 ‘habet
4723 2528 4983 2593 exerci-

3022 2622 3172 2694 tus,
3213 2610 3372 2677 nihil
3426 2613 3600 2699 gerit
3653 2610 4017 2698 politicum.
4117 2610 4294 2676 Nihil
4342 2625 4448 2677 est
4489 2609 4724 2691 vilius,
4780 2632 4982 2700 quatu

3022 2699 3494 2785 vagabundum
3551 2700 3642 2763 ita
3700 2699 3978 2764 docere:
4044 2696 4267 2763 adhuc
4327 2699 4586 2763 videtur
4641 2695 4983 2785 aliquanto

3020 2785 3392 2869 speciosius
3450 2803 3640 2863 esse,
3704 2781 4002 2849 affixum·
4040 2803 4197 2848 esse
4261 2785 4375 2850 uni
4439 2782 4633 2864 loco,
4700 2796 4767 2850 et
4826 2785 4981 2852 cum

3017 2870 4083 3042 ffissi'ssp'zssssiissssssgiiiffl’
4117 2868 4984 3042 &strimstzlsstfflsovfiss

3015 3040 3357 3120 homines,
3410 3051 3485 3107 ut
3538 3043 3621 3109 de
3674 3034 3871 3107 bo‘nis
3926 3042 4153 3120 etiam,
4216 3062 4355 3107 non
4408 3050 4611 3109 secus
4666 3043 4984 3122 sentiant,

3022 3148 3225 3213 quam
3268 3128 3354 3192 de
3411 3125 3546 3193 illis
3606 3125 4171 3194 circumforaneis.
4281 3126 4438 3194 ldeo
4480 3147 4617 3193 non
4659 3137 4822 3193 sunt
4863 3129 4980 3193 ad-

3016 3214 3234 3279 mirati
3289 3214 3488 3282 istum
3546 3215 3796 3294 virum,
3861 3225 3934 3281 ut
3985 3223 4354 3280 statuerent
4403 3233 4554 3281 eum
4608 3233 4765 3280 esse
4818 3234 4980 3300 pro-

3015 3300 3293 3367 missum
3357 3300 3675 3367 Messiam
3690 3346 3715 3381 ,
3793 3300 3877 3366 de
3941 3321 4076 3386 quo
4141 3298 4522 3386 Prophetae
4591 3297 4981 3386 loquuntur.

3014 3385 3201 3453 Haec
3256 3386 3463 3477 igitur
3517 3397 3624 3454 est
3668 3387 4004 3474 quaestio,
4049 3387 4224 3453 sicut
4267 3406 4447 3453 nunc
4486 3405 4757 3474 quoque
4800 3385 4986 3452 docti

3013 3469 3317 3540 homines
3362 3475 3740 3561 disputant,
3785 3493 3923 3540 non
3963 3484 4218 3539 tantum
4259 3472 4508 3553 Iudaei,
4551 3493 4640 3538 an
4682 3469 4799 3539 ille
4839 3468 4987 3539 iue-

3013 3560 3132 3640 rit,
3176 3560 3290 3648 qui
3332 3570 3470 3628 tam
3515 3557 3631 3629 vili
3673 3560 3901 3645 specie
3944 3560 4257 3649 vagando
4301 3558 4608 3628 docuerit
4651 3555 4981 3627 homines-

3080 3943 3306 4047 Quid
3365 3942 3702 4079 interest
3759 3941 3968 4025 inter
4029 3939 4482 4049 Christum,
4541 3953 4631 4025 et
4694 3942 4910 4027 inter

3274 4097 3768 4210 Prophetas,
3830 4097 3965 4180 vel
4023 4097 4219 4181 alios
4276 4096 4705 4184 doctores?

3187 4295 3379 4364 Deus
3421 4296 3600 4364 misit
3638 4296 3886 4365 multos
3929 4295 4331 4383 Propheta&
4374 4305 4443 4363 et
4482 4297 4585 4362 sic
4619 4296 4987 4384 imaginan-

2934 4369 2937 4372 ’
3017 4395 3126 4451 tur
3175 4384 3398 4466 multi,
3451 4386 3632 4472 quod
3687 4382 4023 4452 Christum
4077 4384 4271 4448 etiam
4325 4382 4415 4449 ita
4456 4383 4744 4461 miserit3
4802 4384 4986 4450 sicut

3014 4471 3352 4557 inquiunt:
3411 4468 3628 4538 Deum
3687 4482 3829 4538 tres
3884 4466 4074 4558 leges
4132 4469 4430 4535 dedisset
4485 4488 4722 4549 unam,
4780 4488 4986 4555 quan

3016 4569 3264 4624 vocant
3307 4557 3498 4640 leqem
3539 4565 3834 4630 naturae,
3889 4567 4130 4642 postea
4170 4555 4363 4636 leyem
4405 4554 4654 4639 Moysi,
4711 4556 4993 4635 tandem·

3064 4641 3603 4723 erfectissimam,
3682 4664 3877 4729 quam
3940 4652 4192 4708 vocant
4254 4641 4446 4723 leyem
4508 4641 4983 4723 Evanyelicm.

3085 4750 3243 4794 uare
3296 4739 3541 4795 vocant
3596 4730 3773 4794 hanc
3826 4726 4046 4815 legem
4088 4727 4644 4814 perfectissimam
4685 4724 4823 4808 illi,
4867 4728 4985 4814 qui

3013 4835 3152 4881 non
3196 4816 3586 4881 discernunt
3628 4813 3853 4901 legem
3897 4826 3964 4880 et
4004 4813 4485 4904 Evangeliqu
4527 4815 4681 4901 quia
4722 4813 4987 4895 dicunt,

3017 4902 3195 4988 quod
3239 4898 3677 4987 Evangelium
3720 4900 3922 4966 addat
3966 4904 4293 4988 quaedam
4352 4912 4742 4988 praecepta:
4806 4899 4985 4962 Dite·-

3014 5009 3135 5070 9as
3196 4989 3486 5048 inimicos
3551 4994 3728 5060 tuos,
3804 4988 3980 5072 quod
4024 4988 4366 5070 prohibeat
4428 4987 4625 5050 malos
4689 4987 4973 5067 affectus,

3016 5094 3187 5160 quos
3230 5073 3344 5139 lex
3386 5071 3609 5162 Moysi
3644 5095 3779 5141 non
3868 5074 4194 5141 rohibeat.
4298 5075 4452 5139 Non
4509 5072 4987 5158 concupisces,

3012 5167 3220 5221 narsen
3260 5159 3445 5222 thuan
3486 5161 3662 5226 nicht
3701 5184 3764 5228 m
3897 5161 4175 5228 affectus
4216 5163 4368 5223 sein.
4477 5156 4573 5224 lta
4620 5169 4985 5245 nugantur,

3014 5247 3127 5332 qui
3183 5243 3441 5314 faciunt
3499 5248 3962 5315 confusionem
4008 5244 4187 5332 legis
4246 5257 4311 5312 et
4366 5241 4739 5330 Evangelii.
4839 5244 4985 5312 Sed

3013 5351 3148 5484 ξιξ
3188 5345 3457 5487 epotis&
3509 5335 3862 5485 ‹iiscfimerti
3894 5331 4296 5505 ἓεδεὲἓιίἰῃ
4350 5341 4756 5437 conspectu,
4821 5330 4987 5419 quid

3011 5437 3079 5482 m
3147 5438 3242 5485 πει
3448 5440 3484 5485 r
3552 5438 3743 5508 egem
3785 5441 3825 5487 e
3955 5438 4085 5485 van
4226 5438 4354 5484 um.
4934 5460 4939 5465 -
