5934 6709
477 710 542 781 4⁷1
901 705 904 709 ’
1117 705 1231 773 Prin..
1253 702 1359 771 MEL.
1381 698 1571 771 SCRIPTA
1591 698 1857 770 EXEGEb'lOA.
2432 704 2500 771 m

478 901 644 966 Dominus
676 917 831 984 pugnans
866 918 941 962 cum
975 916 1056 961 vero
1079 891 1247 974 Domino,
1281 914 1355 960 cum
1376 890 1463 959 Deo.
1517 901 1554 956 ut
1585 892 1832 979 significaretur·
1868 892 1915 959 ibi
1952 912 2030 957 esse
2068 890 2253 959 faciendum
2285 894 2500 962 sacrificium.

477 989 553 1053 Non
577 985 730 1070 probibet
752 981 901 1048 laborem
923 994 981 1048 aut
1003 981 1207 1068 diligentiam
1224 982 1255 1045 iu
1273 982 1464 1066 quaerendo
1517 978 1645 1044 llloises
1667 980 1746 1044 dicit
1766 977 1925 1063 populum
1947 999 2025 1044 esse
2047 977 2172 1046 facturn
2193 978 2350 1059 liberum,
2377 983 2503 1047 inauri·

477 1076 583 1146 victu;
606 1073 667 1134 sad
691 1068 760 1134 vult
782 1066 847 1135 illis
870 1067 1067 1154 praelucere
1090 1071 1239 1134 timorem
1261 1078 1295 1132 et
1316 1065 1464 1133 dilectio·
1518 1067 1581 1130 bus
1605 1067 1746 1150 demptis
1767 1066 1811 1130 ab
1832 1067 1984 1131 auribusz
2005 1063 2136 1132 scilicet
2157 1078 2268 1133 aaroto
2291 1068 2396 1133 verbo
2419 1066 2500 1149 Dei,

477 1179 554 1225 netu
583 1155 665 1233 Dei,
696 1156 812 1233 tidem,
843 1174 955 1242 speum
983 1156 1017 1221 iu
1039 1154 1159 1219 Deum.
1202 1152 1271 1217 lsta
1292 1151 1464 1238 praeluoe·
1516 1154 1607 1236 quod
1628 1153 1772 1217 debebat
1792 1171 1852 1217 eos
1874 1173 1993 1239 regere
2013 1153 2047 1217 in
2068 1155 2171 1219 rebus
2197 1156 2373 1232 secundis,
2403 1167 2437 1219 et
2463 1156 2503 1221 in

477 1256 550 1310 ant:
574 1252 694 1327 postea
716 1242 858 1327 quisque
880 1244 1004 1308 serviat
1032 1241 1224 1317 vocationi,
1257 1251 1292 1304 et
1325 1251 1465 1324 quaerat
1516 1239 1617 1303 rebus
1638 1239 1801 1303 adversis.
1846 1238 1896 1303 lta
1922 1237 2155 1305 universaliter
2183 1242 2231 1304 iit.
2274 1239 2502 1307 flaccescunt

477 1331 671 1396 necessaria
705 1328 855 1413 corpori3
887 1332 963 1410 pann
994 1349 1057 1389 non
1085 1329 1200 1387 mortui
1226 1325 1400 1388 mmtomnt
1432 1333 1463 1387 tc
1516 1326 1620 1391 corda
1642 1323 1827 1408 bominum,
1851 1336 1884 1389 et
1904 1322 1959 1388 lan
1985 1325 2111 1391 ueiiuat
2136 1327 2262 1392 amissa
2286 1324 2382 1404 luce,
2410 1346 2503 1412 quae

477 1418 623 1479 Domine.
667 1414 709 1479 Et
729 1426 909 1498 propterea
929 1413 985 1479 hic
1006 1415 1139 1479 dicitur:
1176 1411 1247 1473 Scit
1269 1410 1368 1473 Pater
1395 1432 1462 1473 coe·
1515 1411 1696 1497 regebatur
1717 1431 1779 1495 per
1801 1413 1940 1475 verbum
1962 1347 2036 1475 itai.
2481 1430 2490 1446 ·

477 1503 582 1572 lestis,
612 1501 722 1583 mnam
749 1500 950 1585 rebus-colis
977 1521 1057 1580 epm
1077 1502 1131 1562 sit.
1177 1498 1256 1560 Gott
1275 1501 1366 1559 aoeies
1387 1498 1461 1577 wel,
1601 1495 1660 1561 Sic
1681 1497 1781 1581 igitur
1801 1497 1963 1581 praecipit
1984 1496 2039 1562 hic
2052 1494 2216 1577 ChristuS,
2237 1509 2274 1562 ut
2295 1517 2502 1583 quaeramus

477 1590 556 1651 dosa
578 1591 636 1648 wir
655 1595 776 1647 mainan
797 1586 932 1649 biittlein
953 1584 1141 1665 daemona
1153 1586 1211 1662 sair
1231 1604 1341 1645 ansere
1362 1583 1462 1647 dicim
1513 1583 1654 1666 primum
1676 1602 1816 1671 regnum
1838 1581 1919 1665 ι)ιι;
1940 1583 1972 1647 id
1996 1595 2061 1662 est,
2081 1585 2221 1668 primum
2243 1584 2413 1649 discamus
2442 1587 2502 1651 do-

477 1675 591 1736 ln'nder
612 1672 864 1746 wanireStubcm
887 1685 951 1737 etc.
975 1672 1036 1733 dos
1056 1673 1124 1752 piot
1147 1669 1226 1733 Gott
1247 1670 1462 1756 nucd,quam·
1516 1669 1667 1747 ctrinam,
1688 1688 1786 1753 quam
1809 1668 1903 1733 Deus
1925 1670 2024 1733 nobis
2046 1671 2191 1748 tradidit,
2213 1681 2247 1734 et
2268 1683 2440 1754 petamus,
2461 1682 2503 1739 ut

476 1762 529 1826 vis
551 1779 681 1844 poenae
704 1762 803 1823 etiam
825 1760 971 1823 veniunt.
1016 1759 1083 1822 Sed
1105 1777 1231 1821 memor
1253 1770 1305 1821 est
1334 1758 1461 1821 miseri·
1514 1774 1579 1819 nos
1596 1754 1691 1818 Dens
1712 1766 1809 1840 regat
1828 1752 1887 1819 illa
1908 1762 1972 1819 sua
1993 1756 2157 1834 doctrina,
2180 1757 2268 1820 sicat
2290 1759 2323 1820 in
2347 1759 2502 1824 oratione

476 1847 614 1913 cordiae
636 1864 732 1923 suae,
757 1845 790 1909 in
811 1846 863 1909 ira
884 1862 962 1917 sua;
984 1841 1056 1909 vult
1077 1844 1240 1921 invocari,
1262 1855 1296 1908 et
1317 1840 1398 1907 lenit
1418 1862 1460 1907 ac
1514 1839 1688 1905 Dominum
1721 1843 1818 1905 etiarn
1894 1840 2010 1905 timus:
2056 1842 2214 1903 Arlotniat
2244 1863 2372 1923 reponem
2402 1850 2497 1907 ιιιωι

475 1933 606 2018 adtigat
626 1926 748 1995 multas
769 1948 898 2014 poenas
915 1931 1159 1994 invocantibus.
1515 1924 1675 1997 Quaerite
1696 1946 1835 2012 regnum
1888 1927 1930 2004 ei,
1949 1927 1983 1990 id
2006 1940 2070 2006 est,
2092 1928 2290 2005 doctrinam,
2313 1949 2411 2078 quam
2431 1940 2498 1994 tra·

563 2017 613 2081 lta
635 2018 755 2082 dicitur
773 2016 870 2080 etiam
892 2016 959 2080 hoc
981 2013 1075 2080 loco:
1093 2014 1232 2075 Pammn
1253 2018 1395 2096 potnerite
1411 2035 1460 2075 re·
1514 2012 1608 2090 didit,
1630 2023 1664 2076 et
1685 2013 1843 2078 iustitiam
1862 2014 1947 2090 eius,
1958 2013 1991 2077 id
2003 2025 2067 2093 est,
2086 2016 2220 2078 obedite
2243 2011 2289 2078 illi
2337 2016 2499 2081 octriuae.

476 2124 569 2185 pinam
611 2102 697 2181 Dei,
739 2114 803 2167 etc.
869 2101 931 2166 llic
969 2101 1261 2186 comprehenditur
1298 2102 1459 2173 doctrina,
1515 2096 1722 2170 Quaeramus
1745 2117 1884 2186 reguum
1905 2098 1969 2163 Dei
1996 2099 2158 2165 discendo
2180 2112 2213 2164 et
2235 2101 2500 2184 obtemperando

475 2188 603 2275 agnitio
616 2187 691 2265 Dei,
702 2189 809 2255 timor,
833 2185 1029 2259 cultasDei‚
1051 2206 1142 2273 spes,
1164 2186 1261 2265 fides,
1281 2187 1459 2251 invocatio.
1511 2183 1586 2249 Deo
1608 2181 1764 2249 trahenti.

475 2276 601 2340 Postea
624 2273 737 2335 Ormio
762 2273 954 2335 adiiciuntur
985 2273 1087 2337 vobisc
1121 2274 1154 2338 id
1187 2285 1262 2352 est,
1294 2272 1459 2338 babebitis
1598 2268 1672 2335 Hoc
1693 2288 1770 2336 cum
1792 2267 1949 2349 facimus,
1977 2271 2128 2356 sequitur·
2148 2282 2267 2357 postea
2289 2269 2500 2353 consolatio,

473 2360 678 2445 hospitium,
711 2361 847 2441 victum,
869 2356 1041 2443 politiam,
1075 2361 1196 2425 bonam
1224 2355 1458 2425 valetudinem.
1512 2358 1590 2441 quia
1611 2357 1644 2419 in
1667 2358 1756 2421 omni
1779 2358 1846 2421 vita
1869 2353 2007 2422 multum
2030 2369 2082 2422 est
2104 2355 2345 2440 periculorum:
2368 2371 2402 2424 et
2423 2360 2502 2427 sive

473 2445 568 2511 Etsi
591 2445 746 2531 patienda
767 2443 880 2531 aliqua
901 2457 1010 2523 erunt,
1031 2446 1217 2530 patiamini:
1238 2444 1281 2509 Et
1303 2446 1458 2510 invocate
1511 2443 1650 2508 obedias
1683 2442 1780 2520 Deo,
1813 2443 1885 2508 sive
1916 2462 1985 2507 non
2023 2445 2162 2509 obedias
2200 2443 2304 2510 multa
2340 2447 2503 2529 patienda

474 2530 596 2611 Deum,
617 2546 655 2598 ut
682 2534 831 2611 attttaet,
864 2552 931 2597 non
966 2529 1130 2597 cmnulate
1162 2533 1260 2598 vobis
1293 2532 1457 2609 miseriae,
1511 2540 1617 2594 erunt.
1663 2527 1777 2594 Satius
1799 2540 1852 2593 est
1872 2543 1982 2594 autem
2006 2526 2096 2595 ferre
2116 2528 2277 2615 pericula,
2298 2545 2333 2596 et
2360 2529 2501 2600 labores

474 2616 522 2680 Es
542 2618 625 2679 wind
645 2617 730 2680 nott
748 2604 884 2680 lconnnen
903 2615 982 2679 olane
1002 2617 1073 2682 dae.
1512 2636 1587 2681 eum
1614 2613 1705 2680 Deo:
1738 2615 1865 2681 habere
1904 2611 2154 2693 auxiliatorem,
2194 2629 2421 2701 protectorem
2465 2628 2502 2685 et

1510 2699 1738 2766 umbraculum
1762 2698 1883 2767 Deum.
1927 2700 1977 2765 lta
1998 2701 2054 2768 hic
2083 2703 2218 2767 dicitur:
2247 2703 2385 2766 Caetera
2413 2705 2501 2768 odii·

1066 2867 1068 2871 .
1511 2790 1633 2850 dentur
1666 2788 1796 2892 ontis..
1828 2786 1965 2852 Habetis
2002 2807 2044 2853 ex
2070 2808 2200 2893 rossam
2228 2793 2501 2873 promissionem,

724 2939 1210 3008 mnarnaamsoom
1534 2872 1709 3022 biiii
1726 2870 2029 3021 ‘tit‘tttttdi
2052 2872 2500 3044 ,antististite

1509 3066 1602 3128 meam
1622 3048 1657 3107 in
1677 3044 1943 3126 splendidissimis
1963 3046 2184 3127 malieRepnm.
2256 3051 2361 3113 tiamsi
2372 3048 2498 3115 Eccle-

474 3135 592 3243 Quae
631 3148 695 3221 est
731 3164 891 3220 summa
935 3138 1055 3221 huius
1092 3137 1313 3243 concionis,
1352 3166 1458 3250 quae
1511 3132 1563 3198 sia
1584 3132 1710 3198 duriter
1732 3142 1914 3216 quassatur
1934 3133 1968 3195 in
1985 3130 2051 3197 hac
2068 3134 2153 3211 vita,
2176 3144 2283 3237 tamep
2299 3132 2394 3238 Deus
2416 3155 2498 3239 eam

1512 3230 1640 3296 servat,
1663 3230 1697 3284 et
1718 3229 1755 3282 ιιι
1777 3230 1978 3297 conservet,
2007 3230 2099 3283 certe
2127 3218 2218 3285 dabit
2239 3240 2270 3283 et
2291 3217 2423 3305 aliquos
2445 3241 2499 3284 m·

563 3292 785 3406 propositio
815 3291 1053 3404 principalis,
1085 3294 1176 3406 quis
1206 3293 1362 3379 status?
1511 3302 1635 3455 dolosi,
1668 3301 1782 3458 aliqua
1808 3302 1955 3453 bospipia
1987 3303 2165 3371 Ecclesiae
2187 3303 2343 3372 defendet
2366 3307 2503 3373 etiamsi

912 3410 915 3415 ·
1511 3401 1589 3458 sunt
1622 3412 1643 3455 n
1666 3413 1698 3456 m
1735 3401 1777 3454 trs
1818 3392 1909 3457 erico
1923 3392 1964 3457 ie.

561 3475 647 3548 Quia
679 3495 813 3559 semper
845 3476 879 3539 in
911 3473 1056 3540 lectione
1084 3477 1364 3542 considerandum
1393 3487 1458 3555 est,
1598 3475 1688 3544 Ante
1709 3411 1817 3544 annai
1838 3478 1884 3541 ιθ
1902 3475 2004 3564 aliqui
2024 3477 2130 3544 moliti
2152 3488 2242 3557 sunt,
2266 3487 2303 3543 ut
2324 3479 2496 3545 mitteren-

473 3563 551 3648 quid
574 3562 725 3626 instituat
745 3563 787 3638 is,
807 3563 866 3646 qui
887 3573 1002 3625 narrat
1030 3572 1086 3627 ιιι
1107 3561 1268 3647 loquitur:
1296 3562 1459 3628 Conside-
1511 3577 1565 3631 tur
1586 3561 1764 3631 latrunculi
1786 3566 1819 3628 in
1847 3563 1913 3629 bac
1938 3566 2128 3652 regionem,
2158 3576 2195 3631 ut
2218 3565 2411 3630 occiderent
2434 3564 2502 3630 Lu·

471 3648 613 3713 randum
636 3659 699 3724 est,
722 3647 800 3732 quid
821 3646 1047 3731 principaliter
1078 3660 1206 3734 agatur.
1251 3648 1352 3715 Duae
1379 3660 1459 3715 sunt
1511 3650 1653 3716 theram.
1696 3648 1823 3716 Postea
1844 3646 1931 3715 idem
1954 3649 2057 3715 moliti
2079 3663 2157 3716 sunt
2178 3652 2345 3718 adversus
2366 3650 2502 3718 Ducem

471 3735 722 3820 propositiones
744 3730 948 3818 principales
970 3737 1003 3799 in
1018 3735 1083 3800 hec
1106 3736 1280 3803 concione.
1510 3740 1666 3803 loannem
1688 3735 1890 3803 Electorem.
1933 3735 2005 3802 Sed
2021 3750 2132 3803 tamea
2149 3735 2245 3805 Deos
2267 3739 2417 3805 serravit
2438 3739 2500 3803 mi·

559 3818 671 3883 Prima
692 3820 878 3904 propositio
900 3833 953 3886 est
976 3822 1160 3887 communis
1182 3819 1360 3908 regulam
1383 3829 1457 3884 nano
1511 3820 1661 3891 rabiliter
1682 3843 1777 3888 suam
1800 3824 1965 3909 cymbam.

474 3909 578 3968 omnin
600 3926 785 3987 maneremus
805 3926 933 3985 raparum
954 3906 1041 3985 Dei,
1074 3908 1107 3972 id
1141 3921 1215 3987 est,
1238 3918 1274 3973 nt
1296 3907 1459 3973 antefera—
1597 3909 1667 3973 ista
1688 3910 1754 3974 duo
1777 3920 1855 3974 sunt
1876 3905 2072 3994 principalia
2093 3911 2128 3973 in
2150 3911 2216 3975 ista
2238 3910 2416 3977 concione.
2456 3906 2503 3976 Et

472 3991 688 4070 musileum,
711 4004 743 4057 et
766 3992 957 4059 mandatum
980 3995 1052 4058 cius
1075 3996 1230 4058 omuibus
1251 3991 1326 4059 aliis
1344 3998 1457 4061 rebus.
1511 3995 1597 4061 haec
1620 3993 1947 4080 comprehenduntur
1967 3998 2001 4059 in
2023 3995 2212 4062 versiculo:

471 4079 599 4229 gerara
621 4081 709 4144 vitae
732 4080 877 4157 sitista,
909 4091 947 4144 ut
979 4081 1142 4146 iaciamus
1174 4082 1231 4161 id,
1266 4081 1355 4167 quod
1387 4079 1459 4147 vult

507 4186 577 4230 eus,

560 4252 718 4333 Secunda
746 4251 929 4337 propositio
960 4265 1032 4331 est,
1062 4248 1265 4333 consolatio;
1305 4253 1376 4314 Deo
1398 4257 1459 4317 crit
1511 4251 1554 4318 Et
1576 4251 1661 4318 haec
1683 4264 1735 4318 est
1756 4265 1827 4318 tota
1850 4253 2001 4317 doctrina
2022 4251 2098 4318 libri
2121 4251 2329 4332 Solomonia,
2356 4255 2416 4339 qai
2438 4272 2501 4320 vo·

472 4356 577 4408 carce,
600 4346 636 4399 ιιι
656 4337 772 4399 habens
788 4338 970 4419 hospitium,
991 4343 1106 4402 victam
1127 4348 1158 4401 et
1180 4339 1247 4400 alia
1268 4345 1457 4404 necessaria.
1511 4351 1607 4406 catur
1628 4338 1935 4405 Ecclesiastes:
1959 4341 2026 4401 Fae
2048 4360 2145 4421 opero
2162 4343 2339 4403 vocationis
2356 4347 2447 4402 tnnc:
2467 4346 2501 4402 et

472 4421 575 4487 Scitis
598 4423 632 4486 iu
654 4425 742 4488 omni
765 4423 1017 4505 deliberatione,
1039 4429 1179 4510 primam
1202 4446 1281 4490 esse
1310 4428 1458 4512 cogitari·
1511 4424 1688 4488 commendo
1710 4426 1782 4487 Deo
1803 4430 1918 4488 enites.
2458 4442 2463 4451 ·

472 4511 550 4574 dum
573 4508 652 4594 quid
674 4510 777 4574 simus
798 4512 923 4590 acturi,
951 4514 1070 4577 deinde
1096 4513 1263 4597 quomodo
1290 4516 1459 4597 possimus
1597 4512 1670 4576 Nos
1693 4514 1809 4578 sarnus
1830 4514 1864 4577 in
1897 4532 2034 4578 ntunere
2066 4512 2233 4590 docendi,
2268 4522 2300 4576 et
2332 4513 2501 4579 habentus

471 4593 550 4660 illos
573 4594 709 4660 labores
732 4595 908 4661 sustinere.
952 4597 1003 4663 lta
1022 4597 1077 4664 bic
1101 4611 1153 4664 est
1175 4612 1401 4685 pracceptum,
1424 4612 1458 4666 et
1511 4596 1708 4683 multiplices
1731 4601 1894 4678 miserias,
1918 4619 1984 4663 non
2008 4609 2134 4664 tantum
2160 4610 2406 4685 paupertatem,
2435 4599 2502 4665 sed

472 4682 585 4747 addita
608 4678 809 4748 consolatio.
1512 4686 1588 4750 odia
1611 4695 1794 4768 potentum,
1805 4705 1892 4771 quae
1916 4696 2007 4750 certe
2030 4684 2190 4771 frangunt
2212 4684 2390 4749 bominem.
2426 4683 2501 4751 Sed

560 4768 616 4832 Ad
644 4780 858 4854 praeceptum
886 4770 1053 4853 pertinent
1081 4768 1202 4836 similia
1235 4771 1324 4836 dicta
1355 4769 1459 4839 multa
1511 4783 1683 4836 teneamus
1705 4771 1872 4859 regulam:
1905 4771 2092 4833 Commendo
2114 4771 2184 4832 Deo
2206 4775 2286 4832 ciam
2308 4779 2409 4839 mam,
2431 4781 2500 4840 etc.

476 4855 518 4918 de
541 4857 706 4920 audiendo
729 4857 834 4920 verbo
858 4854 934 4920 Dei.
985 4854 1092 4928 Quale
1121 4857 1188 4920 boc
1214 4857 1362 4941 inprimis
1389 4870 1458 4924 esta
1511 4860 1569 4924 Sic
1590 4859 1624 4922 ia
1646 4861 1789 4923 caeteris
1810 4860 1961 4945 partibus
1974 4859 2076 4924 vitae:
2101 4856 2353 4923 Gubernatores
2375 4856 2500 4923 fideles

474 4939 619 5003 Lucerna
639 4943 774 5021 pedibas
796 4945 871 5002 meis
892 4941 1013 5003 verdum
1036 4951 1129 5005 tuton.
1178 4940 1274 5010 Deus
1302 4943 1373 5009 vult
1401 4966 1460 5029 ge·
1511 4944 1675 5011 sustinent
1697 4943 1833 5010 labores
1856 4942 1978 5010 multos
2001 4958 2034 5010 et
2054 4965 2195 5031 magnas
2218 4943 2402 5008 molestias.
2425 4943 2501 5010 Sed

473 5046 539 5092 nus
561 5027 740 5093 humanum
761 5030 833 5111 regi
856 5049 919 5094 suo
942 5031 1059 5108 verbo,
1072 5031 1114 5094 ad
1138 5029 1203 5095 boc
1225 5030 1457 5100 mittitFiiium.
1512 5033 1622 5099 obtem
1649 5044 1743 5095 erent
1764 5044 1798 5097 et
1818 5029 1864 5096 illi
1887 5031 1965 5097 huic
1986 5030 2142 5118 regulae3
2162 5042 2195 5095 et
2206 5032 2312 5096 sciant
2324 5031 2357 5092 in
2368 5032 2500 5096 mundo

473 5110 538 5176 Hic
561 5113 649 5178 filius
673 5115 766 5179 dicit:
789 5108 862 5191 Epo
885 5116 985 5177 clamo
1006 5119 1040 5178 in
1062 5118 1350 5195 cottonianam,
1373 5123 1459 5181 etin
1510 5138 1579 5184 non
1601 5053 1697 5183 aliter
1718 5117 1814 5198 fieri,
1848 5140 1947 5204 quam
1979 5121 2068 5183 utin
2091 5119 2270 5202 proverbio
2293 5115 2500 5183 Germanico

474 5197 662 5270 adtiniaco,
685 5221 732 5261 me
754 5179 872 5261 aridio.
918 5202 954 5266 ln
988 5223 1135 5285 summa,
1159 5203 1254 5270 Deus
1288 5202 1361 5269 vult
1394 5225 1458 5270 noe
1511 5206 1641 5287 dicitur,
1663 5206 1754 5290 quod
1777 5206 1861 5269 satis
1884 5205 2009 5270 rustice
2027 5204 2178 5281 eiiertnr,
2206 5205 2267 5268 sed
2295 5204 2500 5269 sententiam

473 5287 545 5370 regi
570 5288 675 5351 verbo
703 5308 777 5352 suo.
799 5342 801 5347 .
827 5287 966 5353 Habetis
999 5291 1175 5375 imaginem
1207 5289 1391 5357 mirabilem
1423 5293 1458 5357 in
1510 5292 1614 5358 habet
1647 5304 1886 5378 congruentem
1920 5312 1995 5355 cum
2027 5292 2245 5375 experientia:
2284 5288 2501 5351 Frissdrecle

472 5370 633 5445 historia;
656 5375 789 5457 quando
811 5386 865 5439 est
886 5372 997 5441 sactus
1027 5376 1151 5442 vitulus
1180 5380 1323 5443 absente
1343 5377 1458 5444 ltiose:
1510 5380 1577 5442 aad
1596 5379 1714 5440 sobna
1731 5377 1820 5460 polit,
1838 5401 1874 5440 so
1895 5378 2018 5439 werden
2040 5378 2094 5438 dir
2112 5378 2165 5438 «ιιι
2187 5377 2500 5456 sodonaidlepdlein

471 5457 519 5522 ibi
540 5459 572 5523 in
598 5460 643 5523 uit
665 5459 782 5526 llloses
804 5461 850 5525 ad
866 5462 1054 5527 Aaronem:
1075 5462 1216 5537 Scilicet,
1230 5467 1340 5543 fecisti
1354 5486 1459 5548 popa·
1509 5466 1596 5529 lobi.
1640 5464 1749 5527 Dreclc
1766 5468 1904 5543 fressen,
1932 5474 1985 5528 est
2011 5465 2180 5530 sustinere
2202 5483 2318 5529 omues
2340 5464 2500 5540 iniurias3

472 5543 533 5606 lam
555 5479 683 5609 lilerium
703 5548 839 5631 demptis
860 5548 1022 5610 incumbas
1044 5549 1170 5629 populi
1216 5552 1375 5640 Aegyptii
1403 5574 1458 5618 co·
1509 5551 1588 5635 pont
1608 5552 1838 5626 emeramest
1858 5568 2031 5636 praestare
2053 5552 2163 5614 omnia
2184 5549 2308 5630 olficia,
2326 5568 2500 5635 nusquam

473 5628 608 5700 luerent
629 5632 763 5714 vitulos,
785 5631 841 5701 vel
862 5634 1191 5715 encaeniae-vitulos
1220 5658 1298 5705 cum
1325 5641 1457 5721 sutas,
1509 5642 1703 5729 inpingere,
1726 5649 1761 5703 et
1782 5639 1983 5705 benefacere
2005 5639 2169 5705 omnibus.

1644 4114 1832 4179 Cotmnentlc
1848 4115 1920 4176 Deo
1936 4116 2019 4177 oium
2040 4123 2136 4195 mam,
2159 4123 2190 4178 et
2210 4136 2306 4197 altera
2322 4118 2358 4178 in
2379 4136 2459 4180 ιιιιιι.
