5934 6709
495 672 563 743 aea
1130 642 1375 743 annum„
1401 670 1878 743 scarrraexsosnca.
2161 736 2166 747 .
2451 676 2522 751 aes

496 864 583 931 chia.
628 864 697 932 Sed
719 866 830 930 statim
905 874 938 931 st
958 861 1172 931 Salomonem
1200 885 1236 931 re
1263 885 1341 931 num
1373 862 1479 930 divul-
1532 877 1605 944 tur3
1626 866 1682 953 qui
1703 886 1771 931 non
1793 886 1907 932 coram
1930 865 2130 951 adspiciunt,
2150 886 2215 933 nec
2234 867 2425 955 patiuntur,
2459 872 2521 937 mi·

497 972 573 1018 sum
596 963 660 1029 est,
684 965 718 1017 et
739 950 830 1017 aliud
869 952 914 1017 uit
933 971 1072 1039 regnum
1095 951 1191 1033 luda,
1219 886 1308 1018 aliud
1338 971 1479 1037 regnum
1531 974 1596 1018 nus
1617 952 1670 1019 his
1704 956 1807 1019 rebus
1840 966 2026 1018 moventur.
2075 952 2228 1043 Cogitate
2261 976 2403 1040 ptoenam
2439 976 2520 1026 essa

497 1034 619 1116 lsraal;
652 1039 738 1103 intcr
772 1058 859 1123 quae
887 1058 1019 1124 semper
1062 1036 1195 1104 suerunt
1240 1036 1328 1105 halla
1361 1039 1479 1103 civilia.
1531 1052 1668 1126 propter
1688 1050 1841 1123 peecata,
1863 1054 1899 1104 ιιι
1919 1037 2043 1106 Daniel
2065 1041 2187 1127 inquit,
2214 1054 2351 1127 propter
2371 1056 2519 1128 peccata

498 1122 583 1188 Post
616 1144 724 1190 annos
762 1124 828 1190 300
860 1122 1095 1191 salmanassar
1127 1127 1263 1191 abduxit
1295 1121 1480 1202 israelitam
1531 1124 1645 1212 populi
1669 1127 1735 1190 ista
1757 1126 1963 1192 oeciderunt.
2006 1126 2079 1193 Nos
2101 1125 2226 1215 singuli
2237 1130 2378 1196 vivimus
2391 1134 2517 1212 securi,

498 1222 693 1276 manserunt
714 1222 826 1276 tamen
848 1208 1018 1298 reliquiae.
1072 1213 1153 1279 luda
1185 1212 1287 1277 etiam
1316 1212 1480 1278 abductus
1533 1225 1567 1278 ct
1589 1209 1797 1279 cumulamus
1818 1227 1970 1297 peccata,
1996 1210 2205 1301 indulgemus
2240 1217 2355 1301 pravis
2390 1218 2517 1303 cupidi·

500 1308 553 1360 est
574 1297 608 1360 in
632 1300 866 1382 captivitatem,
889 1311 922 1362 et
951 1295 1144 1364 mimbiliter
1164 1310 1275 1364 tamon
1297 1298 1480 1364 restitutus.
1532 1300 1667 1378 tatibus,
1688 1299 1765 1363 ideo
1787 1300 1924 1365 veniunt
1944 1320 2086 1385 poenae.
2131 1298 2198 1365 Sed
2216 1312 2254 1367 ut
2271 1297 2424 1368 latrones
2436 1326 2518 1391 quo·

497 1382 629 1448 Deinde
660 1396 738 1469 post
772 1384 836 1449 100
868 1404 976 1450 annos
1009 1380 1089 1450 lacti
1126 1394 1204 1450 sunt
1237 1386 1355 1451 iterum
1387 1393 1481 1467 petu·
1533 1406 1599 1471 que
1621 1398 1758 1451 currunt
1779 1385 1812 1449 in
1835 1382 1969 1471 templa,
1989 1388 2036 1453 ita
2057 1406 2122 1453 nos
2151 1385 2184 1452 iu
2211 1389 2318 1453 ionius
2340 1388 2374 1453 in
2397 1387 2518 1457 Eccle-

496 1464 619 1533 lantes.
1532 1472 1628 1551 siam,
1651 1481 1684 1536 et
1705 1482 1872 1557 petamus,
1893 1486 1930 1537 ut
1958 1474 2001 1537 sit
2034 1471 2147 1561 aliqua
2197 1471 2346 1553 eclesia,
2378 1474 2415 1539 in
2450 1498 2517 1564 qus

586 1555 705 1621 Secuta
727 1567 780 1621 est
801 1567 894 1623 tanta
915 1556 1072 1643 superbia
1094 1568 1127 1621 et
1142 1554 1266 1623 malitia
1278 1576 1480 1622 summorum
1531 1556 1627 1624 Deus
1649 1570 1786 1644 propter
1818 1556 1961 1644 gloriam
1993 1578 2089 1625 suam
2120 1562 2316 1641 invocetur,
2338 1582 2381 1627 ne
2405 1582 2516 1650 genus

500 1643 725 1720 sacerdotum,
742 1654 778 1707 ut
800 1640 856 1708 alii
879 1644 1049 1729 rapuerint
1071 1644 1294 1709 sacerdotium
1312 1644 1479 1729 prioribus
1532 1642 1709 1710 humanum
1733 1644 1768 1709 stt
1790 1640 1901 1710 fructa
1922 1646 2104 1715 conditum.
2148 1642 2307 1712 Profecto
2330 1648 2397 1712 ista
2420 1668 2516 1715 secu·

498 1728 985 1897 canuti-:ataui
1013 1730 1480 1900 usitatum·
1532 1730 2515 1819 ι’

499 1918 574 1965 sum
597 1913 661 1978 est,
684 1912 720 1965 ut
753 1915 969 1990 grassaretur
1000 1905 1034 1969 in
1067 1901 1127 1973 illo
1161 1901 1304 1988 populo;
1338 1912 1480 1966 vocatur
1529 1901 1632 1969 saciat
1655 1902 1764 1969 linem.
2258 1865 2270 1899 ⁹

498 1984 554 2050 hic
576 1988 764 2053 Antiochus
786 1988 949 2073 ιπιφανὴς,
979 1990 1098 2055 Latine
1118 1990 1310 2053 clarissimas
1331 1984 1386 2053 vel
1407 1986 1480 2048 illu·
1617 1988 1711 2055 llaec
1731 1990 1776 2076 pii
1800 1990 2026 2071 considerent,
2047 2001 2082 2055 et
2103 1992 2291 2057 exuscitent
2313 2013 2353 2057 sa
2374 1992 2422 2059 ad
2443 2014 2513 2081 pre·

497 2073 583 2143 stris,
598 2073 667 2133 atas
689 2094 758 2134 mon
780 2079 836 2136 a‘tzt
864 2082 955 2156 sapt.-
978 2074 1228 2157 darrileucitip.
1272 2075 1306 2139 A
1327 2073 1480 2158 sapienti·
1532 2077 1683 2141 cationes
1705 2091 1739 2142 ct
1760 2077 1915 2163 gemitus.
1959 2074 2054 2142 Deos
2083 2076 2118 2143 ln
2140 2075 2318 2145 Ezeclriele
2350 2080 2515 2167 praecipit

499 2158 575 2236 hus,
592 2169 629 2223 ut
651 2157 806 2245 Polybio,
828 2163 1016 2230 nominatus
1039 2173 1091 2229 est
1113 2183 1174 2248 per
1197 2160 1479 2238 Farouomasiam,
1531 2161 1664 2249 Angeia
1686 2161 1873 2230 interlicere
1894 2163 1928 2227 in
1951 2161 2076 2249 templo
2099 2182 2214 2250 omnes
2225 2160 2443 2247 idololatras,
2454 2166 2514 2234 scd

497 2256 637 2328 propter
648 2242 755 2311 malos
768 2267 882 2313 mores
905 2261 937 2314 et
954 2247 1171 2334 petulantiam
1194 2245 1350 2329 ιπιμωὴς,
1361 2246 1394 2309 id
1417 2257 1479 2321 est,
1531 2249 1633 2327 iuhct,
1656 2260 1692 2313 ut
1715 2259 1831 2335 parcat
1851 2251 1905 2329 iis,
1926 2252 1981 2335 qui
1999 2261 2134 2337 gemunt
2156 2264 2294 2336 propter
2316 2248 2513 2321 illumcala·

496 2330 644 2393 ruriam.
705 2331 779 2397 Non
813 2332 874 2398 luit
907 2347 1084 2402 contentus
1116 2332 1248 2403 usitatis
1279 2328 1480 2410 sceleribus,
1530 2340 1687 2414 mitatem,
1707 2335 1819 2414 idest,
1842 2334 1942 2398 denen
1964 2354 1998 2396 es
2027 2356 2064 2397 aa
2083 2335 2206 2398 bertran
2236 2336 2350 2417 pedet,
2386 2339 2513 2405 etiamsi

498 2414 561 2480 sed
584 2418 750 2502 exquisita
767 2420 914 2506 nequitia
936 2441 1020 2487 usus
1043 2433 1105 2489 est.
1151 2419 1312 2487 Gestatus
1339 2428 1393 2482 est
1420 2438 1479 2481 nu·
1529 2440 1597 2487 non
1619 2435 1763 2504 possunt
1785 2417 1915 2501 tollere,
1938 2422 1994 2509 qui
2022 2434 2134 2489 tamen
2156 2422 2349 2490 afficiuntur
2372 2444 2512 2493 commu·

498 2500 562 2568 dus
582 2501 618 2567 ιιι
641 2504 843 2586 οοιιιιιιιιιιι,
865 2516 1032 2594 tamquam
1053 2518 1228 2586 mortuus,
1261 2516 1294 2571 et
1323 2516 1478 2569 cantave-
1529 2506 1629 2573 nibus
1651 2506 1803 2573 miseriis.
1846 2508 1932 2573 Nam
1954 2526 2076 2577 versus
2093 2506 2229 2575 Solonis
2249 2516 2344 2591 rupte

398 2616 405 2625 ·
495 2598 576 2653 runt
598 2591 723 2656 cannia
743 2588 1042 2673 lunehriu,delnde
1063 2592 1166 2660 exiliit
1187 2610 1229 2658 ex
1250 2590 1421 2678 pheretro,
1444 2599 1478 2654 et
1659 2628 1787 2691 mm,
1807 2631 1841 2690 ’.η
1863 2624 2018 2693 stapam,
2033 2630 2165 2712 pawn
2187 2630 2303 2693 dmm
2325 2638 2400 2693 m

498 2671 589 2743 saliit
621 2696 697 2743 cum
728 2677 832 2745 sociis
865 2679 899 2743 in
926 2680 1081 2746 convivio
1107 2680 1230 2747 nudus.
1279 2676 1343 2739 Die
1364 2675 1479 2739 Romae
2399 2684 2408 2698 ·

498 2760 587 2823 stadt
607 2760 744 2825 densauit
763 2764 838 2826 aba
854 2765 907 2826 ibn
929 2764 1074 2843 lomnes,
1086 2777 1120 2832 et
1131 2765 1379 2851 castigaverunt
1389 2782 1477 2843 eum,
1529 2782 1616 2827 aean
1638 2785 1672 2831 er
1690 2765 1748 2828 der
1769 2762 1946 2833 Ecclesiae
1967 2766 2122 2849 adeipeht,
2144 2789 2181 2829 so
2201 2766 2294 2850 petis
2316 2766 2405 2831 allen
2435 2766 2510 2833 abel.

495 2858 534 2915 ιιι
566 2848 632 2912 iam
664 2851 763 2915 nobis
796 2848 878 2916 facit
899 2850 1024 2918 'l'urear
1059 2853 1159 2939 quia,
1193 2853 1222 2918 si
1255 2868 1324 2917 non
1357 2848 1478 2915 desinit
1529 2850 1623 2921 Deus
1645 2862 1724 2917 tnnc
1747 2853 1836 2919 dedit
1857 2850 1968 2939 aliqua
1990 2851 2182 2933 auriliane
2201 2854 2336 2919 omnino
2380 2856 2511 2941 erireni,

496 2931 635 3013 nralitia,
658 2937 756 3001 etiam
777 2957 846 3002 non
867 2941 1049 3004 cessabunt
1071 2957 1211 3025 poenae.
1528 2938 1615 3004 sicut
1636 2940 1669 3004 in
1695 2936 1949 3024 uit'Prcphetat
1976 2938 2032 3001 Sic
2052 2939 2178 3014 ωοιιιοιι
2199 2942 2267 3002 eine
2366 2942 2511 3015 chades,

583 3018 617 3083 la
634 3020 836 3102 Antiochus,
858 3037 1023 3109 occupata
1051 3020 1281 3112 ierosolyma,
1313 3018 1479 3089 interiecit
1527 3022 1642 3088 iedocls
1697 3024 1751 3091 cit
1770 3044 1875 3108 prose,
1898 3026 1959 3089 dos
1980 3026 2055 3089 eiad
2075 3026 2131 3089 ssa
2151 3024 2349 3094 dimcoleer.

494 3105 755 3258 papumarabiges
776 3120 916 3177 sanctos
937 3128 1056 3184 ιοιιιι,
1089 3124 1285 3190 matronas,
1316 3110 1478 3196 virgines,
2492 3170 2497 3178 .

510 3205 652 3262 nantes.
724 3206 843 3262 uerat
863 3208 973 3265 autem
996 3201 1107 3265 omnia
1168 3200 1234 3265 uod
1256 3208 1308 3263 est
1329 3196 1478 3262 tristissi·
1847 3224 1856 3240 ·

476 3300 596 3366 ,mum
617 3282 707 3370 quod
731 3217 914 3353 chilocavlt
940 3280 1065 3356 idolum
1096 3222 1324 3371 lqutemplum
1345 3278 1424 3365 Dei,
1444 3293 1479 3348 et
1663 3218 1786 3309 Unde
1816 3222 1948 3307 dmm
1979 3232 2043 3307 est
2071 3220 2375 3312 Maccabaeusl

493 3371 622 3441 addidit
643 3372 880 3458 praesidiarios
913 3369 1058 3457 milites,
1091 3373 1148 3461 qui
1181 3374 1215 3441 id
1247 3370 1476 3439 detenderent.
1615 3370 1649 3438 A
1669 3369 1774 3438 literis
1805 3366 1942 3453 vexilli,
1974 3372 2052 3459 quia
2083 3368 2201 3438 literas
2233 3372 2448 3459 scripserunt
2477 3370 2510 3439 io

494 3456 547 3529 llli
568 3470 751 3546 rapuerunt
772 3461 932 3546 virgines,
953 3473 1125 3557 matronap
1158 3470 1191 3527 et
1222 3474 1347 3611 pucros
1373 3456 1417 3523 ιι
1438 3454 1477 3521 ii·
1528 3450 1673 3538 vexillia
1693 3478 1762 3526 non
1783 3458 1959 3545 imagines,
1982 3469 2019 3524 ut
2040 3469 2157 3524 nostru
2179 3471 2331 3545 tempore
2355 3456 2405 3526 lit.
2445 3456 2511 3527 hia·

495 3548 641 3631 bidines,
674 3569 750 3614 cunr
782 3558 890 3616 tamen
925 3560 1019 3616 esset
1049 3548 1183 3614 unicum
1215 3543 1297 3612 ilud
1320 3539 1477 3628 templum
1530 3546 1640 3626 cabal,
1656 3548 1691 3612 id
1713 3554 1777 3620 est,
1841 3548 1869 3606 is
1890 3548 1974 3607 sicat
1990 3545 2145 3607 Dammae
2165 3546 2198 3605 ia
2220 3544 2333 3619 Israel,
2359 3542 2429 3612 hoc
2448 3556 2509 3627 est,

494 3632 561 3702 Dei
582 3637 616 3701 in
639 3636 773 3703 mundo.
817 3635 918 3716 item,
950 3635 1048 3701 iussit
1074 3630 1302 3701 Bacchanalia
1318 3628 1478 3696 Hieroso·
1528 3629 1590 3698 illo
1612 3642 1666 3698 est
1687 3630 1782 3697 solus
1838 3650 1916 3707 eos;
1938 3632 2167 3697 commenticia
2189 3635 2325 3698 numina
2354 3634 2509 3721 gentium,

494 3720 595 3811 lynris
629 3720 814 3804 celeltrari,
845 3722 904 3789 uhi
937 3723 980 3787 14
1012 3714 1131 3788 diibus
1162 3719 1314 3809 penulati
1339 3715 1479 3787 fuerunt
1529 3739 1597 3785 non
1619 3730 1698 3785 sunt
1718 3719 1785 3784 Dii.
1829 3720 1883 3783 Ab
1906 3714 2002 3784 iliad
2052 3738 2091 3783 ra
2118 3716 2288 3785 literarum
2311 3716 2508 3785 estfactum

495 3810 559 3875 viri
592 3822 626 3875 ct
658 3808 832 3876 mulieres:
864 3809 930 3872 sard
962 3810 1006 3872 ist
1038 3808 1088 3871 ein
1120 3816 1199 3871 ucat
1228 3807 1308 3887 stup
1328 3820 1477 3887 murm.
1529 3820 1650 3871 nomen
1671 3804 1965 3872 Maccahaeorum.
2023 3805 2067 3869 sti
2089 3803 2240 3890 praeliati
2261 3818 2345 3872 sunt
2357 3802 2507 3883 feliciter,

495 3892 625 3961 Romae
647 3915 722 3961 oum
749 3892 850 3982 aliqui
881 3894 1111 3980 incoepissent
1131 3887 1358 3960 Bacchanalia
1389 3882 1478 3955 cele·
1528 3886 1605 3957 Deo
1632 3890 1784 3968 iuvante3
1815 3892 1878 3956 sed
1910 3902 2021 3956 tamen
2053 3888 2116 3955 viri
2148 3888 2197 3957 illi
2231 3892 2311 3957 boui
2345 3887 2506 3959 interiecti

458 3982 462 3989 “
496 3982 608 4056 brare,
632 3993 684 4047 est
706 3978 841 4069 publica
864 3980 1105 4049 deliberatione
1136 3980 1287 4046 instituta
1308 3974 1478 4065 inquisitio
1528 3986 1618 4056 sunt,
1641 3987 1677 4044 ut
1699 3976 1798 4042 ludas
1819 3988 1854 4042 et
1875 3974 2045 4042 lonathas.
2091 3974 2205 4043 Simon
2238 3988 2292 4043 est
2324 3998 2348 4044 a
2381 3996 2504 4066 genero

497 4068 541 4136 de
563 4068 770 4135 auctoribus.
814 4066 981 4156 Cogitate,
1014 4062 1123 4155 qualis
1150 4062 1249 4132 suerit
1281 4058 1379 4130 dolor
1399 4076 1478 4128 san·
1529 4083 1591 4130 suo
1624 4063 1817 4129 interiectus
1829 4108 1840 4142 ,
1873 4062 2029 4145 restituta
2071 4060 2207 4148 politia,
2241 4072 2276 4128 et
2306 4076 2504 4149 recuperato

497 4156 573 4235 ctis,
595 4156 651 4242 qui
672 4157 737 4222 ista
758 4154 924 4222 viderunt.
967 4150 1076 4219 Etiam
1108 4152 1143 4219 in
1164 4148 1323 4238 Euripido
1343 4147 1476 4228 ridetis,
1528 4146 1660 4235 templo.
1705 4149 1757 4215 lta
1790 4170 1895 4237 gener
1926 4148 2093 4216 interfecit
2125 4169 2291 4229 socerum,
2313 4151 2376 4213 der
2397 4150 2503 4229 brim,

499 4241 653 4308 Graecos
676 4242 895 4319 abhorruisse
916 4242 959 4306 ab
981 4241 1048 4306 hoc
1074 4236 1182 4317 iesto;
1214 4238 1334 4304 deinde
1367 4247 1477 4301 tamen
1527 4237 1583 4323 qui
1605 4247 1677 4301 erat
1698 4249 1840 4303 evectus
1853 4235 1914 4315 ,ad
1945 4232 2094 4301 honores
2125 4255 2148 4300 a
2181 4255 2322 4314 socero,
2346 4234 2506 4303 interiecit

522 4329 730 4395 enniserunt.
775 4327 941 4417 Cogitate,
963 4324 1063 4413 quala
1084 4326 1185 4394 fuerit
1212 4323 1280 4391 hoc
1301 4333 1476 4410 spectacu-
1527 4323 1706 4389 Simonem.
1751 4323 1788 4387 in
1810 4316 1934 4389 santita
1955 4319 2112 4388 Antiochi
2134 4323 2178 4384 ist
2199 4324 2249 4384 eia
2270 4324 2505 4388 steteablataer·

495 4350 566 4482 lum
583 4417 712 4480 sanctis
734 4410 825 4495 iilis,
859 4414 915 4502 qui
942 4412 1097 4481 viderunt
1128 4409 1254 4480 idolum
1284 4407 1476 4559 intemplo,
1526 4412 1649 4491 piosaco
1664 4406 1868 4505 praebaltea,¹
1889 4410 1999 4475 denec
2029 4407 2170 4475 Bouiani
2199 4426 2260 4476 eos
2292 4429 2507 4497 compescue-

496 4502 644 4586 rapinas,
667 4498 815 4581 militum,
839 4501 1060 4586 turpitudines
1070 4494 1382 4566 Bacchanaliorum.
1423 4506 1476 4561 sta
1526 4506 1614 4563 runt.

496 4588 699 4675 cogitantes,
722 4589 883 4654 debemus
905 4587 1157 4653 cohorrescere.
1615 4580 1700 4648 Cum
1721 4593 1833 4648 autem
1854 4577 2004 4648 ultimum
2036 4574 2206 4646 sacculum
2233 4576 2435 4647 ludaeorum
2466 4583 2507 4647 sit

581 4672 710 4740 Romae
726 4672 827 4740 hodie
844 4670 1073 4739 adhucmlnus
1095 4671 1281 4737 modestiae
1292 4679 1354 4733 est.
1393 4667 1478 4735 Sunt
1528 4669 1590 4735 ima
1619 4665 1836 4735 oEcclesiae
1857 4669 1891 4735 in
1913 4665 2028 4734 ultima
2049 4679 2186 4732 senecta
2207 4668 2332 4748 mundi,
2351 4671 2506 4757 cogitate,

436 4828 441 4839 ,
494 4760 540 4830 lbi
563 4761 796 4827 invocationes
829 4770 863 4826 et
896 4752 1006 4826 cultus
1039 4772 1243 4825 sauctorum.
1287 4754 1391 4834 item,
1424 4765 1478 4821 est
1529 4688 1637 4841 qualis
1658 4751 1769 4821 lutura
1792 4756 1835 4821 sit
1857 4752 2050 4820 dilaceratio
2072 4749 2259 4820 Ecclesiae.
2304 4750 2378 4820 imo
2398 4752 2505 4842 qualis
2558 4798 2562 4807 ·

493 4840 667 4915 horribilis
690 4841 882 4913 idololatria
903 4846 937 4911 in
961 4840 1276 4933 circumgestatione
1295 4843 1405 4929 panis,
1421 4840 1477 4993 pul
1528 4840 1592 4908 iam
1610 4842 1666 4921 sit,
1686 4852 1723 4906 ut
1744 4860 1829 4927 pune
1852 4841 2056 4915 exanimetur
2076 4838 2178 4905 homo
2199 4841 2356 4990 copitans
2385 4840 2431 4908 de
2455 4838 2505 4907 his

495 4934 669 5001 adoratur.
714 4934 784 5001 Sed
806 4933 885 5021 quia
906 4932 1029 4998 usitata
1051 4944 1104 4999 est
1125 4928 1171 4997 ihl
1193 4950 1233 4996 ea
1256 4940 1419 4995 consuetu
1445 4948 1476 5002 o,
1529 4925 1637 4995 malis.
1680 4924 1823 4993 Tantum
1846 4937 1899 4994 cst
1920 4923 2081 4999 surorum,
2098 4922 2306 5031 petulantae
2329 4927 2506 5007 ιιιιιιιιιιιι,

494 5018 588 5105 iacit,
610 5033 647 5086 ut
669 5040 737 5086 non
759 5019 872 5107 magni
892 5016 1064 5086 iaciamus.
1097 5016 1334 5093 Quarrdovitia
1354 5014 1478 5083 abeunt
1528 5024 1741 5080 monstrosae
1762 5014 1939 5101 superbiae
1960 5016 1992 5080 in
2015 5010 2126 5079 multus
2149 5012 2365 5093 docentibus,
2387 5025 2423 5080 et
2444 5014 2506 5080 asi·

495 5106 529 5173 in
551 5126 676 5188 mores,
698 5117 779 5175 tunc
799 5126 867 5172 nou
889 5106 937 5173 ita
957 5110 1081 5194 magna
1101 5104 1274 5182 vitientur,
1323 5120 1399 5168 uam
1421 5099 1478 5167 uhi
1528 5102 1608 5167 nina
1629 5101 1799 5187 superbia,
1821 5101 2000 5168 coniuncta
2022 5120 2096 5167 cum
2125 5118 2249 5187 magua
2274 5100 2422 5168 inscitia.
2465 5096 2506 5165 lit

494 5208 563 5258 nou
594 5205 673 5259 sunt
703 5190 838 5261 usitata.
894 5190 1111 5260 Consuetudo
1144 5190 1278 5257 hebetat
1311 5184 1475 5255 iudicium.
1530 5188 1672 5275 quisque
1694 5199 1746 5254 est
1771 5186 2044 5267 indoctissimus,
2074 5187 2121 5253 ita
2154 5198 2206 5252 est
2238 5184 2506 5254 rabiosissimusr

495 5272 651 5364 Cogitata
671 5281 714 5344 de
736 5280 801 5347 ista
823 5278 967 5361 miseria,
978 5280 1154 5347 triennium
1166 5274 1316 5362 conspici
1338 5275 1372 5342 in
1394 5272 1478 5340 urbe
1529 5273 1608 5362 quia
1629 5274 1757 5341 inscide
1774 5272 1859 5355 lacit
1881 5272 2058 5338 uududuar.
2108 5270 2205 5340 Multi
2237 5272 2338 5341 etiam
2371 5268 2504 5357 manile

495 5375 616 5430 sancta
636 5361 775 5447 idolum,
807 5368 955 5454 rapinas,
976 5362 1144 5447 libidines,
1174 5355 1421 5439 Bacchanalia,
1444 5370 1479 5428 et
1529 5371 1616 5426 stam
1637 5358 1859 5427 idololatriam
1881 5371 1915 5427 et
1937 5356 2156 5429 contumelias
2178 5368 2297 5425 contra
2317 5357 2432 5429 Deum
2454 5363 2504 5427 de·

493 5451 652 5519 assiduas
671 5450 793 5518 caedes
814 5472 941 5520 senum.
992 5448 1062 5520 iias
1095 5464 1148 5521 est
1179 5446 1330 5518 mirantia
1387 5444 1478 5535 mrod
1528 5444 1679 5516 laudant.
1724 5446 1835 5514 Simus
1856 5444 2046 5536 vigilantes,
2069 5456 2102 5513 et
2125 5444 2293 5512 diseamus
2323 5448 2505 5515 doctrinam

493 5536 647 5606 hominos
669 5540 716 5606 ita
737 5540 949 5607 abducuntur
979 5540 1022 5606 ab
1055 5550 1090 5609 tu
1132 5536 1288 5607 itudiies.
1331 5494 1397 5609 ὁιιι
1429 5534 1477 5600 rl·
1527 5530 1714 5614 Ecclesiae,
1736 5547 1769 5600 ct
1791 5536 1953 5601 addamus
1970 5533 2210 5621 precationem,
2230 5542 2266 5599 et
2298 5550 2446 5615 ommes,
2465 5548 2507 5599 tte

495 5624 576 5692 dent
597 5624 665 5693 ista
686 5644 804 5713 propa,
824 5638 883 5694 tut
903 5616 1083 5714 patiuntur,
1149 5620 1258 5712 magis
1280 5642 1323 5691 eo
1344 5636 1477 5688 moten-
1500 5629 1506 5671 ι
1527 5621 1687 5687 intremus
1709 5620 1744 5687 in
1766 5622 1999 5703 tentationem,
2021 5630 2059 5688 ot
2078 5616 2235 5687 Christus
2258 5636 2345 5687 suus
2366 5616 2505 5707 dscipu-
