5934 6709
466 679 534 747 aa
1106 664 1220 733 run
1242 663 1345 731 nau
1367 662 1556 732 scaram:
1577 659 1843 729 mourut.
2357 744 2360 749 ¹
2415 660 2485 730 att

468 881 554 947 tem,
593 885 670 932 cras
703 864 821 928 iterum
853 855 963 933 aliud:
995 853 1208 921 Conscientia
1242 873 1309 918 non
1341 855 1450 938 potuit
1501 862 1624 928 tamen,
1646 848 1876 935 quantumficri
1892 860 2017 933 potest,
2039 847 2162 938 singuli
2179 850 2337 918 debemus
2354 848 2484 920 babere

468 954 702 1041 acquiescere:
725 948 802 1033 quia
825 947 977 1009 biberant
998 941 1118 1008 malem
1141 941 1337 1018 doctrinam,
1383 941 1450 1004 uod
1500 936 1665 1002 bonorem
1686 937 1831 1039 corpori.
1901 1022 1908 1040 ⁸

468 1042 580 1107 omnia
612 1039 772 1112 deberent
804 1029 1008 1108 enumerari,
1041 1031 1176 1094 warda:
1208 1035 1291 1107 irre,
1323 1045 1367 1091 nu
1587 1021 1655 1088 lam
1676 1042 1759 1089 vero
1781 1033 1933 1107 quaestro
1955 1031 2024 1086 est:

469 1128 612 1215 quietem
633 1131 772 1200 norant,
803 1138 872 1183 non
892 1126 1031 1194 norant,
1064 1116 1154 1199 quod
1187 1111 1339 1178 remissio
1371 1130 1449 1195 pec·
1631 1144 1786 1207 Homine,
1806 1150 1980 1207 mmm
1997 1143 2062 1207 θέω
2081 1145 2228 1211 morbo„

470 1222 621 1281 catorum
642 1203 954 1309 accipiaturgratis
975 1212 1113 1287 prepter
1128 1195 1245 1265 Filium
1265 1196 1344 1304 Ilei,
1364 1196 1449 1272 lide:
1631 1230 1719 1311 Em
1739 1231 1855 1294 debent
1874 1233 2036 1295 mmm
2051 1247 2203 1313 poem

468 1308 504 1366 st
536 1297 626 1382 quod
656 1293 753 1359 Deus
776 1288 856 1357 velrt
883 1310 924 1355 ac
945 1288 1097 1364 mandet,
1126 1296 1163 1351 ut
1194 1301 1449 1370 acquiescamus

469 1384 504 1451 in
520 1382 606 1449 Filio
617 1381 683 1447 Dei
705 1379 783 1458 lide,
804 1390 838 1443 et
859 1377 949 1461 qued
967 1373 1168 1440 enumeratio
1179 1391 1248 1436 non
1269 1372 1313 1436 sit
1333 1388 1451 1435 neces·
1590 1362 1736 1430 Valetua
1757 1365 2016 1449 consequentia?
2058 1365 2117 1432 lta
2162 1366 2364 1453 Sequiturns
2384 1370 2485 1438 etiam

470 1472 572 1537 sario.
627 1471 706 1534 llis:
735 1467 816 1548 prob
848 1466 998 1546 campet
1026 1463 1169 1525 amsteltt
1198 1461 1266 1524 tdr:
1298 1463 1359 1522 ortt
1386 1458 1452 1522 dett
1502 1452 1601 1518 baec:
1629 1455 1717 1533 Erpa
1748 1469 1814 1515 noa
1844 1453 1962 1517 debent
1986 1461 2101 1536 petere
2126 1460 2350 1523 renotationem
2365 1475 2486 1541 pecca·

471 1559 600 1624 andem
620 1556 723 1620 toten
744 1546 895 1617 articulis
916 1556 978 1615 tstr
998 1549 1081 1612 mtclt
1102 1551 1180 1612 olto.
1223 1543 1285 1608 Est
1307 1543 1451 1607 omnium
1504 1548 1619 1618 mrtmt,
1640 1548 1676 1603 et
1693 1543 1922 1617 :adiectionem
1940 1539 2142 1621 mamam?

473 1642 676 1709 cruciatuum
709 1656 874 1715 summus,
902 1634 1048 1698 incidere
1080 1632 1112 1694 in
1141 1629 1377 1695 dubitationem
1410 1628 1453 1691 de
1591 1622 1805 1709 Respondco.
1848 1624 1925 1687 Non
1947 1622 2050 1689 valet.
2095 1624 2163 1691 lmo
2191 1626 2352 1694 debemus
2369 1638 2487 1713 petere

472 1727 586 1814 aliquo
608 1721 751 1791 articulo
773 1722 860 1787 fidei.
905 1719 980 1807 ligo
1003 1718 1069 1783 vidi
1088 1714 1266 1782 lachrimas
1289 1717 1453 1780 bonorum
1505 1723 1690 1795 utrumque.
1735 1707 1800 1781 Qui
1817 1711 1947 1775 ducitur
1968 1711 2011 1775 ad
2073 1709 2224 1792 tibulum,
2251 1710 2308 1779 vel
2328 1711 2487 1781 adalind

472 1813 642 1880 bominum
675 1814 708 1874 in
742 1810 812 1874 suis
834 1806 1111 1873 dubitationibus:
1144 1804 1198 1868 isti
1230 1801 1299 1866 tabi
1331 1810 1365 1866 et
1386 1800 1453 1876 siti,
1505 1816 1613 1882 genus
1640 1792 1794 1880 supplicii
1824 1798 1859 1859 in
1891 1815 2001 1879 poena
2056 1799 2208 1878 omicidii,
2238 1819 2351 1865 annon
2384 1800 2487 1866 debat

473 1919 561 1988 quae
580 1899 684 1962 oritur
714 1915 756 1961 ex
777 1893 1037 1980 ingurgitatione
1069 1887 1230 1954 malarum
1253 1888 1455 1972 opinionum,
1506 1894 1620 1968 petere
1641 1883 1881 1960 remissionem,
1904 1893 1937 1945 et
1959 1884 2027 1947 miti
2052 1884 2217 1950 ationem?
2272 1884 2397 1964 Debet,
2422 1887 2486 1953 sed

472 1982 588 2052 similis
610 1994 663 2050 est
689 1978 745 2046 ille
765 1981 913 2045 morbus.
967 1977 1077 2044 Hanc
1097 1972 1342 2040 similitudinem
1375 1990 1454 2037 con·
1507 1989 1582 2035 cum
1606 1964 1662 2032 illa
1683 1968 1884 2046 conditione,
1906 1969 1936 2033 si
1952 1970 2010 2034 tibi
2055 1969 2270 2036 omineDeus
2291 1972 2338 2037 ita
2353 1970 2486 2058 placet:

473 2074 633 2138 siderate:
657 2070 807 2154 cogitare
824 2067 866 2130 de
888 2084 991 2130 causa
1012 2060 1102 2126 illius
1119 2062 1239 2137 morbi,
1262 2071 1295 2124 et
1313 2056 1454 2124 dasimi·
1507 2055 1595 2121 sicut
1615 2066 1771 2140 precatur
1793 2052 1921 2133 David,
1947 2057 2002 2140 qui
2023 2058 2123 2121 etiarn
2149 2067 2315 2123 meruerat
2339 2078 2487 2145 poenas:

472 2156 620 2225 lbudine.
665 2156 790 2220 Postea
811 2150 877 2217 boc
898 2170 1031 2237 qaoque
1053 2148 1213 2235 cogitate:
1506 2140 1707 2298 tameudtetit
1720 2159 1759 2204 ss
1772 2141 1916 2216 restitui:
1937 2142 1999 2207 sed
2011 2143 2119 2209 addit:
2141 2145 2180 2208 St
2193 2146 2330 2211 Domtsto
2346 2150 2488 2230 phocae,

603 2282 735 2345 aa:
769 2294 815 2340 et
845 2277 962 2339 meo
990 2271 1140 2354 aaut
1341 2271 1455 2350 aa
1506 2239 1574 2380 tt
1598 2227 1678 2393 ,a
1697 2225 2131 2381 ttttuttutut
2146 2230 2486 2402 tractarat

645 2366 722 2430 ‘'W''
739 2369 796 2427 ⁰⁸²
1508 2399 1576 2477 dio,
1598 2413 1678 2463 tuac
1699 2394 1778 2463 volo
1807 2399 1866 2463 tibi
1898 2367 2147 2486 obtempciare:
2178 2403 2255 2487 quia
2283 2398 2379 2469 Deus
2410 2400 2485 2470 vult

481 2505 579 2568 Wemt
600 2506 693 2566 einer
710 2501 855 2581 pestolcn
876 2499 949 2574 dat,
970 2496 1040 2560 ond
1063 2511 1140 2557 mon
1166 2493 1285 2556 dencld
1314 2491 1387 2571 tta,
1418 2507 1456 2555 so
1507 2484 1640 2550 sancire
1660 2484 1809 2549 ordinem
1832 2483 2027 2570 disciplinas
2048 2488 2079 2551 in
2102 2488 2236 2573 poeuis,
2257 2484 2327 2555 vult
2348 2490 2485 2554 sancire

475 2596 555 2654 oeta
582 2607 638 2663 er,
671 2588 750 2651 dos:
772 2605 811 2650 er
843 2602 880 2649 et
900 2601 991 2647 murs
1011 2581 1135 2658 maen,
1168 2579 1255 2642 datu
1284 2596 1322 2642 er
1342 2579 1400 2641 bct
1419 2594 1456 2639 es
1508 2571 1697 2636 testimonia
1718 2571 1769 2635 sui
1791 2570 1918 2636 iudicii:
1953 2575 2027 2640 Gott
2044 2576 2118 2639 ltcts
2144 2580 2215 2641 olto
2231 2576 2397 2657 asmdttet.
2440 2572 2487 2640 tt:

474 2677 651 2741 mdtmt.
701 2668 856 2734 Debetne
894 2678 1009 2752 petere
1041 2662 1272 2729 liberationem
1306 2682 1327 2725 a
1357 2659 1457 2726 Deos
1509 2668 1619 2722 tamen
1641 2654 1736 2722 Deus
1758 2653 1881 2723 multos
1902 2656 2040 2736 liberat,
2074 2671 2108 2724 et
2130 2660 2237 2727 differt
2257 2680 2396 2746 poenas.
2439 2663 2488 2729 Et

474 2758 537 2824 lta:
561 2757 687 2822 Tamen
707 2753 888 2821 accersivit
906 2753 972 2818 sibi
988 2749 1078 2816 banc
1094 2769 1236 2835 poenam
1254 2766 1317 2812 sua
1335 2744 1457 2829 cuba?
1508 2745 1594 2809 rotrd
1626 2749 1719 2809 einer
1750 2748 1852 2809 seusa
1880 2747 1915 2809 iu
1947 2745 2054 2831 primo
2076 2744 2164 2812 lurto
2189 2750 2376 2830 pedaneos:
2407 2750 2489 2815 oter

475 2844 534 2911 Sic
555 2842 706 2931 hydrops
738 2840 924 2906 accersitur
955 2849 1073 2904 nostra
1105 2833 1204 2918 culpa
1225 2834 1333 2911 citius,
1357 2851 1457 2937 quam
1508 2832 1600 2905 doct,
1622 2832 1683 2894 :cic
1703 2848 1780 2895 mon
1800 2839 1882 2914 rapt,
1899 2851 1936 2896 er
1957 2839 2002 2898 tat
2020 2838 2074 2898 eia
2091 2835 2295 2917 tondeant,
2326 2852 2406 2901 mon
2424 2838 2490 2903 lsr-

474 2929 562 2997 alius
583 2926 675 2995 ullus
702 2929 856 2993 morbus:
889 2922 991 2992 facile
1018 2921 1161 2989 laeditur
1187 2921 1240 2985 vis
1269 2916 1458 2998 ventriculi,
1508 2924 1582 2981 acts
1603 2918 1695 2982 ntcbt
1712 2935 1781 2998 ortt,
1813 2919 1924 3002 ltompt
1944 2926 2036 2984 οἰκον
2057 2922 2175 3000 omer,
2205 2940 2244 2987 so
2273 2922 2389 3002 petet:
2409 2922 2491 2987 uter

475 3028 509 3082 ct
530 3012 687 3081 facillime
710 3033 799 3098 epar.
1508 3004 1575 3068 idm
1595 3020 1665 3067 otta.
1719 2998 1763 3065 Et
1793 3011 1889 3083 tunc,
1923 3006 2000 3089 quia
2032 3002 2127 3071 Deus
2160 3006 2327 3072 ordinavit
2394 3026 2490 3086 enas,

1509 3087 1677 3152 subiicere
1699 3107 1739 3152 se
1760 3088 1861 3154 debet
1881 3090 1955 3156 eius
1977 3088 2149 3156 volunmtt.
2180 3090 2232 3157 lta
2252 3112 2342 3178 quan
2365 3114 2387 3158 ο
2408 3101 2490 3159 suut

1510 3194 1531 3238 a
1552 3173 1650 3238 nobis
1672 3174 1830 3239 accersiti
1849 3176 1967 3248 morbi,
1992 3187 2026 3242 et
2045 3196 2162 3244 sumus
2182 3179 2217 3243 in
2239 3198 2362 3264 poena,
2383 3198 2489 3268 agno·

1509 3278 1644 3325 scamus
1667 3260 1748 3325 iram
1765 3258 1846 3334 Dei:
1879 3275 2030 3348 petamus
2058 3273 2092 3329 et
2118 3265 2347 3331 remissionem
2368 3285 2490 3349 pecca·

662 3345 784 3432 Unde
812 3343 943 3428 habeb
971 3370 1123 3425 nomen
1152 3332 1276 3452 epar?
1509 3355 1638 3425 torum,
1664 3357 1698 3411 et
1724 3367 1855 3432 poenae
1881 3351 2115 3430 remotionem,
2146 3350 2203 3417 vel
2236 3352 2491 3438 mitigationem:

804 3474 808 3481 .
1509 3433 1573 3498 sed
1590 3445 1700 3497 mmen
1723 3454 1798 3500 cum
1814 3430 1873 3499 illa
1894 3437 2098 3503 conditione:
2116 3439 2233 3506 SiDso
2252 3444 2300 3505 tto
2316 3443 2489 3525 placente.

562 3532 617 3596 Ab
650 3527 757 3610 ἤπιος,
791 3528 888 3612 quasi
922 3525 1016 3591 dicas
1044 3523 1238 3606 ἧπιονκρέας,
1264 3525 1371 3587 meurs
1401 3516 1459 3585 vel
1597 3517 1780 3605 Hydropici
1802 3543 1880 3588 raro
1903 3533 2078 3604 curantur,
2111 3537 2270 3592 curantur
2295 3537 2410 3593 tamen
2431 3522 2490 3593 ali·

476 3623 565 3685 mittis
590 3636 678 3684 coro.
732 3614 833 3679 'flata
854 3610 950 3698 σὰρξ,
985 3618 1031 3678 tat
1054 3616 1109 3677 ein
1136 3618 1210 3677 rein
1236 3618 1311 3675 sort
1332 3609 1457 3692 Maelo
1510 3605 1579 3691 qui,
1599 3608 1797 3689 pracsertim
1818 3609 1851 3672 in
1872 3611 2035 3694 principio
2056 3611 2172 3676 morbi.
2211 3611 2369 3677 Narrabo
2391 3612 2489 3679 vobis

476 3703 620 3780 Quando
642 3700 763 3787 aliquis
782 3719 824 3766 ex
845 3696 963 3765 labore
980 3696 1037 3763 vel
1058 3709 1155 3764 aestu
1171 3692 1271 3775 calet,
1292 3706 1325 3759 et
1345 3694 1457 3760 subito
1510 3692 1694 3765 historiam,
1716 3715 1816 3779 quam
1838 3697 1950 3761 audivi
1971 3695 2275 3764 exBircluheimero
2299 3698 2342 3764 de
2364 3696 2488 3787 hydro·

476 3790 572 3870 bibit,
593 3800 662 3856 tum
679 3807 761 3873 epar
782 3786 912 3851 avidius
934 3782 1071 3850 attrabit
1090 3795 1224 3870 potum,
1250 3793 1285 3847 et
1306 3778 1379 3846 ficri
1424 3799 1457 3844 ο
1510 3779 1596 3864 pico.
1639 3777 1808 3846 Narrabat
1828 3779 1979 3849 bledicos
2000 3783 2132 3851 sedisse
2160 3786 2195 3849 in
2215 3783 2403 3892 myropcllo
2424 3782 2488 3851 Pa·

475 3887 563 3956 tsst,
594 3874 772 3942 utstatim
799 3871 857 3937 liat
875 3869 1062 3937 dissolutio
1089 3870 1214 3956 epatis:
1246 3878 1314 3934 tarn
1346 3801 1457 3932 moflis
1510 3866 1598 3930 tluae
1619 3870 1671 3944 (ut
1687 3877 1739 3931 est
1761 3870 1984 3953 consuetudo,
2016 3871 2105 3956 quod
2131 3872 2252 3937 medici
2283 3873 2330 3938 ibr
2350 3869 2491 3961 multum

476 3981 557 4030 caro
581 3972 641 4025 est
685 3962 730 4027 So
750 3960 844 4025 balde
868 3964 985 4036 reae,
1015 3960 1077 4023 do:
1098 3962 1190 4023 noer
1210 3957 1354 4021 dende:
1373 3965 1457 4020 ster·
1511 3952 1726 4032 conveniunt)
1748 3963 1781 4018 et
1806 3956 1941 4021 venisse
1961 3956 2006 4022 ad
2035 3976 2094 4022 cos
2116 3959 2292 4027 rusticum:
2319 3969 2375 4025 sst
2401 3958 2490 4025 enim

475 4052 537 4116 dett
558 4067 657 4113 murs.
701 4044 776 4131 Ego
799 4045 878 4110 novi
899 4046 1023 4110 benum
1045 4041 1222 4121 bominem,
1250 4042 1307 4127 qui
1328 4041 1457 4106 avidius
1512 4040 1681 4118 usitatum,
1705 4051 1740 4104 ut
1756 4040 1903 4108 medicos
1915 4055 2076 4129 quaerant
2098 4046 2217 4130 magis,
2238 4064 2340 4131 quam
2357 4042 2487 4113 noea

475 4136 606 4201 biberat
626 4134 660 4198 in
683 4133 817 4197 itinere:
850 4131 961 4195 triduo
986 4140 1064 4213 post
1085 4141 1138 4193 cst
1159 4139 1327 4194 mortuus:
1365 4123 1457 4192 facil·
1510 4123 1630 4189 mania.
1685 4123 1745 4190 lile
1776 4130 1908 4214 rogavit
1941 4130 2113 4206 doctores,
2146 4143 2181 4195 ut
2215 4151 2313 4215 opem
2349 4128 2486 4197 ferrent.

474 4219 554 4287 lime
573 4218 715 4286 laeditur
736 4237 835 4304 epar,
862 4212 1020 4283 facillima
1046 4213 1128 4281 fiunt
1147 4215 1403 4319 ⁸obstructiones
1423 4212 1458 4276 in
1510 4210 1587 4275 Noa
1614 4223 1726 4296 potest
1751 4214 1810 4317 tibi
1843 4213 1984 4337 cpnsuli,
2015 4217 2178 4303 inquiunt,
2210 4216 2433 4284 montes
2455 4230 2492 4285 ts

475 4317 606 4459 iiiii:
619 4302 746 4455 'ilii‘
766 4298 1348 4476 dti⁸⁸tttt2¹¹ttffitgttttt
1365 4300 1458 4453 lit
1510 4294 1596 4449 lit:
1616 4297 2491 4476 nltttt‘tlrtlttl‘tttttqtm‘nldits

474 4475 730 4545 fabricationem
763 4477 929 4543 divinam:
966 4488 1000 4541 et
1030 4471 1128 4541 simul
1166 4474 1333 4560 cogitare,
1368 4474 1459 4559 quod
1511 4471 1583 4536 det:
1616 4468 1691 4559 Ego
1720 4471 1766 4537 lui
1794 4475 1883 4561 apud
1911 4473 1990 4540 DD.
2023 4474 2192 4541 Doctores
2224 4477 2258 4541 in
2290 4474 2494 4565 myropolia,

413 4583 418 4595 '
474 4574 591 4631 rastra
613 4582 757 4646 corpora
779 4562 845 4627 siut
866 4560 992 4647 templa
1011 4559 1088 4626 Dei.
1131 4561 1208 4626 Non
1231 4560 1361 4626 debetis
1390 4561 1459 4624 vio·
1511 4559 1566 4643 qui
1599 4557 1778 4644 desperant
1810 4562 1853 4626 de
1880 4582 1965 4634 mea,
1986 4562 2070 4639 vita3
2098 4562 2211 4627 dicunt
2238 4564 2390 4630 morbum
2422 4584 2494 4631 nou

474 4649 547 4718 larc
568 4645 725 4735 templum
746 4646 821 4713 Dei.
859 4652 937 4715 Mon
956 4656 1033 4731 sapt
1050 4658 1156 4716 ronst:
1177 4643 1297 4712 Plures
1319 4655 1460 4731 pereunt
1510 4663 1614 4728 posse
1637 4647 1756 4710 curari.
1811 4646 1943 4713 Doctor
1975 4648 2006 4713 ei
2040 4648 2137 4714 dixit:
2169 4646 2222 4714 llli
2254 4661 2378 4716 noruut
2399 4663 2493 4717 tuam

474 4738 628 4805 homines
651 4733 806 4822 crapula,
838 4755 937 4819 quam
958 4732 1081 4822 gladio.
1136 4731 1296 4821 Stigelius
1317 4733 1365 4799 lta
1385 4734 1459 4800 red·
1511 4732 1813 4881 intemperantiam
1835 4736 1921 4799 bcne
1942 4754 2064 4819 posses
2081 4736 2202 4815 curari,
2225 4736 2256 4801 si
2277 4739 2493 4820 promitteres

475 4824 556 4891 didit
576 4842 694 4891 versu:
1510 4830 1545 4882 te
1566 4837 1608 4882 ve
1635 4838 1655 4883 e
1676 4819 1916 4903 obtemperare.
1949 4819 1979 4883 0
1997 4822 2140 4901 domine,
2160 4823 2278 4908 inquit,
2300 4823 2331 4887 si
2352 4843 2493 4909 possem

562 4942 812 5046 ,baruc
833 4946 885 5008 οἰ
900 4941 1045 5010 amaa
1060 4959 1145 5023 tw
1160 4949 1333 5008 tm
1353 4960 1459 5007 tw·
1510 4905 1826 5076 tdtttttttltss
1845 4905 2491 5079 vttd’tttttttfttudwtld

474 5078 612 5148 aluam
632 5079 689 5146 ute
710 5082 911 5159 masmar,
944 5076 999 5145 vet
1020 5077 1196 5146 immortua
1217 5074 1371 5163 mpura,
1403 5076 1460 5144 vet
1511 5088 1638 5143 aarum
1659 5097 1727 5142 non
1751 5079 1846 5144 troas
1864 5079 1981 5146 anetus
2003 5081 2129 5146 aecem.
2179 5081 2216 5145 ru
2238 5083 2296 5147 eat
2318 5083 2382 5146 aa:
2404 5041 2491 5148 otta!

474 5164 566 5232 malo
588 5167 692 5235 victu.
735 5163 787 5231 llli
809 5168 875 5232 duo
898 5163 1135 5233 adolescentes
1154 5166 1305 5253 proxime
1325 5163 1460 5251 sepulti,
1512 5163 1588 5243 cile,
1621 5175 1688 5229 tam
1720 5164 1777 5231 diu
1797 5165 1887 5230 serre
1908 5168 2014 5245 sitim,
2046 5169 2108 5230 sed
2140 5167 2186 5232 ita
2216 5167 2343 5252 poteris
2366 5169 2489 5235 curari.

474 5253 1025 5332 mortuisuntnoaeximmodico,
1047 5253 1112 5318 sed
1126 5249 1378 5319 exmolovictu.
1412 5255 1459 5318 Es
1511 5252 1548 5318 Si
1570 5251 1706 5329 biberis,
1736 5254 1898 5317 morieris.
1948 5252 2032 5317 Post
2052 5255 2125 5318 dics
2147 5251 2275 5339 aliquot
2301 5254 2401 5319 rediit
2421 5252 2491 5335 ille,

474 5344 519 5407 ἰοί
539 5358 580 5405 stt
600 5342 781 5422 erbmmea,
802 5346 865 5405 :atr
884 5342 989 5406 tate:
1010 5345 1044 5406 t‘n
1065 5341 1460 5408 darentanneneteuaes
1510 5348 1545 5402 et
1565 5333 1627 5403 fuit
1653 5338 1717 5401 iarn
1740 5351 1888 5405 curatus.
1944 5336 2045 5404 Venit
2072 5340 2116 5404 ad
2143 5337 2228 5406 illud
2254 5338 2488 5429 myropolium,

473 5435 550 5493 nest
569 5429 838 5493 tessaracota:
863 5425 999 5492 victum.
1049 5430 1099 5494 Itt
1124 5429 1230 5494 alchu
1249 5435 1325 5508 μου
1344 5445 1386 5492 stt
1405 5427 1459 5492 be·
1509 5424 1675 5510 quaesivit
1691 5420 1783 5489 illum
1797 5423 1992 5505 Ductorem,
2015 5438 2049 5491 et
2061 5426 2142 5494 dtatt
2161 5427 2205 5492 ad
2221 5447 2310 5495 eum:
2333 5423 2488 5508 Domine,

473 5515 642 5581 kommsn:
673 5515 744 5580 aad
763 5533 857 5581 asan
877 5531 955 5580 man
975 5514 1078 5580 rados
1097 5523 1199 5582 stom
1220 5515 1285 5596 dut,
1305 5532 1344 5579 to
1364 5515 1462 5581 kosle
1509 5530 1574 5596 ego
1596 5529 1671 5577 sum
1691 5506 1761 5590 ille,
1783 5512 1837 5578 cui
1858 5513 1979 5578 dedisti
2000 5509 2081 5578 illud
2098 5513 2287 5579 mandatum
2308 5524 2387 5579 ante
2409 5525 2486 5581 octo

471 5616 572 5669 matrs
602 5602 694 5667 mett
722 5602 823 5669 recht
878 5599 1000 5667 Omnis
1031 5611 1110 5665 sunt
1141 5599 1329 5667 barbarica·
1387 5596 1458 5665 seo
1508 5597 1592 5677 dies,
1612 5597 1776 5678 (noudum
1796 5598 1884 5665 euim
1905 5596 2153 5685 compleverant
2172 5599 2289 5666 decern
2310 5600 2399 5672 diesi
2421 5618 2485 5690 ago
