5934 6709
532 777 606 848 523
800 714 809 733 Ι
1174 761 1287 831 l’lllL
1308 758 1414 827 ttsu
1435 753 1624 825 SCRIPTA
1644 746 1910 820 monnica.
2485 740 2553 808 lidi

1659 943 1728 1006 iste
1748 940 1865 1005 Levita
1883 938 2039 1002 discessit
2060 957 2102 1001 ex
2124 955 2187 1001 sno
2210 954 2346 999 munere
2368 945 2401 998 et
2423 933 2552 1013 ordine,

537 973 657 1080 Qu⁰t
685 982 781 1055 sunt
809 982 944 1081 Pam
976 988 1246 1047 eonverswms
1282 957 1350 1040 vel
1379 983 1522 1069 poem·
1572 1043 1607 1097 et
1628 1026 1738 1094 factus
1761 1045 1813 1091 est
1842 1023 2049 1109 publicanus.
2093 1022 2135 1086 lit
2162 1019 2327 1107 publicani
2357 1018 2484 1104 plerum
2510 1038 2554 1085 ue

687 1124 853 1227 “utri
883 1133 931 1205 ‘¹‘
958 1120 1107 1202 etr
1136 1110 1372 1226 irrui
1573 1112 2174 1282 000οῑῑο000ῑο
2200 1108 2466 1271 inesse

627 1308 729 1374 Tres:
751 1306 925 1386 contritio,
947 1302 1060 1380 Fides,
1082 1311 1115 1364 et
1131 1298 1227 1364 Nora
1249 1294 1447 1361 obedientia.
1474 1290 1525 1355 lta
1574 1287 1789 1365 Matthaeus,
1822 1287 1898 1372 quia
1928 1287 2080 1348 viderunt
2111 1300 2190 1347 esse
2221 1293 2420 1367 quaesturas
2455 1276 2552 1383 utiles

541 1396 685 1463 docendi
706 1414 827 1460 caussa
849 1390 1029 1478 ioquimurz
1074 1385 1111 1453 Si
1138 1387 1212 1472 quis
1235 1380 1307 1449 ruit
1328 1381 1435 1468 tnagis
1457 1379 1525 1443 dis·
1575 1375 1828 1474 quaeston'bus:
1851 1373 1925 1435 ideo
1946 1368 2022 1435 illas
2045 1370 2266 1472 appetebant,
2300 1368 2356 1454 qni
2389 1378 2482 1473 erant
2498 1386 2551 1469 'tn‘

543 1495 636 1548 certe
660 1481 762 1566 loqui,
786 1491 897 1564 potest
917 1477 1053 1553 iacere,
1088 1485 1198 1537 tamen
1231 1472 1264 1535 in
1285 1465 1438 1532 Ecclesia
1465 1484 1523 1529 ne-
1575 1463 1704 1526 dnstni.
1750 1457 1940 1523 Matthaeus
1960 1456 2058 1520 sedet
2074 1457 2117 1519 ad
2142 1451 2310 1532 telonium,
2323 1467 2355 1518 et
2370 1451 2429 1518 iun
2440 1453 2555 1517 scriba

543 1590 642 1635 cesse
664 1580 716 1630 est
747 1564 877 1651 aliquos
910 1564 1029 1628 modos
1063 1557 1222 1645 loquendi
1255 1569 1414 1621 retineret
1446 1551 1525 1638 quia
1575 1545 1753 1698 publicani.
1799 1544 1937 1627 Videtis,
1955 1544 2126 1629 quonrodo
2149 1539 2315 1627 publicani
2344 1543 2377 1606 in
2400 1539 2554 1626 Evange-

543 1656 689 1721 rarietas
710 1666 763 1718 cst
780 1651 1013 1735 impedimento
1035 1649 1069 1711 in
1097 1646 1251 1709 omnibus
1273 1642 1399 1704 artibus
1420 1638 1525 1703 iunio·
1589 1637 1622 1699 io
1642 1633 1885 1698 describantur.
1930 1628 1972 1695 tir
1995 1640 2160 1693 testantur
2182 1626 2351 1697 historiae,
2373 1627 2462 1777 quod
2485 1628 2555 1692 sue·

543 1743 660 1817 ribus,
693 1739 943 1813 incipientibus,
973 1734 1172 1798 rudioribus.
1218 1729 1330 1811 Saepe
1359 1727 1403 1790 ita
1432 1727 1526 1789 dico:
1575 1722 1641 1785 rint
1662 1715 1762 1786 valde
1784 1736 1905 1804 gravas
1928 1713 2196 1801 provincialibus.
2242 1712 2299 1779 Sic
2319 1716 2371 1779 sin
2414 1713 2589 1779 riviriae-

542 1829 668 1894 ntinam
690 1819 867 1911 possemus
890 1823 1029 1885 eandem
1053 1817 1237 1882 doctrinam
1250 1815 1365 1879 iisdem
1383 1809 1525 1898 syllabis
1572 1809 1707 1893 perinpe
1727 1809 1792 1871 ierit
1811 1820 1963 1890 pervasas,
1975 1805 2033 1866 acie
2041 1820 2157 1866 erasm
2169 1803 2290 1865 :ottaer
2300 1818 2344 1865 00
2366 1801 2428 1864 rien
2448 1808 2555 1865 siros·

545 1932 663 1979 oannes
685 1924 814 1975 sonate.
858 1907 990 1973 Ductor
1011 1904 1134 1969 llieron
1160 1922 1234 1966 mus
1256 1920 1360 1984 saepe
1381 1898 1526 1974 dicebat,
1574 1914 1641 1959 sen.
1685 1891 1858 1958 Publiceni
1885 1904 1980 1987 erant
2013 1887 2163 1952 homines
2196 1884 2468 1971 locupletissimi,
2498 1886 2556 1973 qui

545 2020 585 2066 se
607 1999 756 2067 credere,
774 2007 920 2060 mutatae
942 1993 1113 2060 doctrinae
1174 1985 1525 2072 riesiaepraecipuam
1575 1979 1744 2046 habebant
1763 1978 1913 2043 ilornana
1935 1972 2111 2061 vectigalia
2140 1974 2324 2052 conducta,
2357 1984 2390 2038 et
2423 1976 2555 2059 provin·

545 2106 702 2153 caussam
724 2080 829 2147 inisse
862 2080 952 2167 quod
975 2078 1137 2165 piguisset
1159 2075 1330 2140 auditores
1357 2084 1391 2134 et
1412 2071 1526 2135 docto·
1576 2070 1658 2144 cias,
1681 2079 1715 2131 et
1737 2067 1860 2130 dabunt
1881 2064 2072 2148 pensionem
2095 2074 2232 2139 certam,
2255 2072 2290 2125 et
2311 2061 2476 2126 interdum
2498 2057 2555 2123 Se

545 2190 603 2237 res
625 2172 741 2235 eadem
764 2131 916 2254 rept’atere
938 2180 973 2230 et
994 2165 1119 2230 audire.
1165 2160 1296 2226 Usitata
1317 2157 1445 2237 audire,
1466 2176 1525 2241 pa·
1578 2166 1677 2216 natus
1699 2155 1831 2217 nimium
1853 2151 2015 2215 onerabat
2047 2147 2262 2233 publicanus:
2296 2144 2463 2212 interdum
2492 2146 2555 2230 ipsi

544 2259 589 2324 rit
609 2255 777 2321 fastidium
801 2257 834 2318 in
855 2255 974 2318 arrianis
996 2249 1179 2315 hominnm:
1200 2248 1289 2310 sieut
1320 2244 1438 2322 scitis,
1471 2260 1527 2326 ge
1578 2240 1702 2303 dabant
1724 2239 1936 2303 occasionem
1961 2236 2091 2299 ‹iarrriac
2113 2236 2245 2299 ursionis
2270 2235 2454 2318 pensionis,
2485 2236 2555 2298 suis

545 2363 609 2409 nus
631 2343 809 2408 humanum
832 2337 1025 2424 essedarium
1046 2362 1078 2399 ar
1100 2360 1151 2399 sar
1168 2333 1351 2419 φιλόκαινον.
1385 2328 1527 2402 Quando
1578 2322 1822 2390 licitationibus.
1868 2323 1946 2387 ideo
1969 2322 2089 2385 deinde
2111 2335 2202 2386 erant
2226 2320 2398 2407 graviores
2420 2320 2556 2405 provin·

545 2432 663 2496 asinus
684 2427 804 2514 aliquis
826 2427 930 2503 venit,
951 2439 984 2491 et
1051 2436 1102 2487 ert
1123 2420 1246 2509 aliquid
1268 2419 1360 2496 novi,
1382 2436 1421 2482 ao
1440 2412 1528 2500 ycfft
1579 2410 1738 2476 cialibus:
1757 2410 1931 2487 interdurn,
1953 2410 2008 2495 qui
2030 2406 2189 2474 volebant
2211 2429 2289 2475 esse
2307 2410 2442 2495 gratiosi
2464 2410 2556 2492 apud

544 2535 622 2585 aton
643 2513 793 2594 curantr.
837 2512 997 2577 Homines
1014 2511 1145 2575 attoniti
1167 2509 1323 2582 audiunt,
1352 2515 1386 2568 et
1408 2504 1527 2567 miran·
1579 2489 1789 2584 pdblicanos,
1811 2493 1962 2560 levarunt
1985 2514 2045 2559 eos
2075 2498 2242 2561 oneribus.
2285 2494 2401 2561 Cicero
2432 2490 2556 2583 gioria·

545 2613 600 2668 tur
622 2622 708 2670 eum.
753 2597 845 2664 'l'alis
866 2611 917 2663 est
939 2611 1059 2662 natura
1081 2594 1268 2670 hominum,
1296 2588 1373 2655 tulis
1395 2591 1528 2655 vanitas
1580 2599 1645 2663 tur,
1667 2584 1755 2671 qnod
1779 2582 1900 2647 habeat
1922 2583 1984 2645 sibi
2002 2582 2154 2646 addictos
2177 2581 2390 2669 publicanam
2415 2586 2491 2669 quia
2509 2583 2557 2648 ie·

545 2685 603 2754 vel
624 2686 762 2757 levitas,
791 2696 850 2750 aut
874 2683 1021 2749 futilitas.
1066 2681 1146 2746 ideo
1176 2680 1298 2744 Graeci
1323 2675 1472 2762 antropos
1495 2686 1528 2737 et
1580 2673 1626 2736 cit
1648 2671 1895 2735 aestimationes
1918 2689 1984 2732 non
2007 2669 2102 2732 nimis
2137 2669 2260 2748 duras,
2293 2670 2353 2733 sed
2386 2665 2557 2754 aliquanto

546 2774 720 2859 φιλόκαινον
741 2772 854 2838 dicunt
875 2772 1009 2835 insitum
1030 2784 1109 2834 esse
1130 2766 1248 2831 animis
1277 2767 1310 2829 in
1334 2765 1399 2828 ista
1427 2763 1528 2826 inibe·
1580 2759 1766 2844 aequiores.
1810 2754 1877 2820 Die
1894 2753 2207 2840 Venediqerircitenr
2221 2754 2303 2821 noct
2318 2754 2402 2834 0100,
2450 2757 2558 2820 nando

547 2857 707 2936 cillitate,
739 2860 773 2922 in
805 2858 871 2922 ista
903 2866 1061 2942 corrupta
1093 2866 1224 2918 natura.
1275 2849 1338 2915 Est
1360 2851 1393 2913 in
1416 2845 1528 2914 multis
1581 2846 1673 2927 dant·
1683 2843 1898 2928 provinciam,
1922 2840 1977 2906 vel
2006 2839 2246 2926 praefecturam
2280 2839 2400 2920 alicui,
2425 2776 2559 2907 luciani

548 2944 693 3011 Graccis
714 2943 944 3028 scriptoribus.
989 2940 1057 3007 Sed
1076 2958 1237 3024 expresse
1258 2950 1312 3002 est
1333 2938 1367 3000 in
1379 2934 1528 3000 Lucieno
1581 2931 1852 2996 aestimationem.
1895 2927 1945 2991 Tu
1975 2929 2071 2993 dabis
2098 2928 2207 2993 50000
2228 2928 2435 2995 Ducatorum
2463 2949 2557 2995 sena·

547 3036 620 3115 sepi
639 3031 798 3115 Διαβολῆς.
843 3028 998 3106 Videtis,
1030 3027 1110 3112 qnid
1140 3025 1197 3088 ilat
1224 3025 1257 3088 in
1279 3022 1454 3098 amicitiis,
1486 3019 1530 3083 de
1581 3018 1629 3082 tui
1641 3015 1775 3081 Veneno
1797 3017 1839 3080 de
1859 3011 2070 3099 praefectura
2083 3016 2258 3081 Patavina:
2281 3016 2370 3103 quod
2393 3027 2558 3101 superest,

549 3118 670 3203 quibus
692 3130 745 3181 est
767 3118 889 3181 dictum
911 3112 1061 3178 Thaletis
1082 3108 1181 3175 valde
1209 3112 1348 3178 bonum:
1392 3107 1531 3172 ttatcna
1582 3102 1648 3169 hoc
1671 3104 1732 3168 erit
1754 3116 1859 3169 tuunr:
1882 3103 1944 3167 sed
1967 3103 2053 3179 vide,
2077 3123 2119 3166 ne
2146 3104 2278 3167 nimium
2308 3122 2426 3167 oneras
2456 3122 2559 3187 popu·

546 3211 596 3268 esi
613 3202 731 3284 sume
751 3203 903 3278 amicum,
924 3219 1020 3285 0000
1051 3200 1210 3262 retiam:
1241 3198 1308 3262 rard
1341 3197 1385 3261 ist
1415 3196 1532 3281 pecias
1582 3191 1662 3270 lum,
1684 3213 1727 3257 ne
1746 3191 1918 3256 accuseris
1938 3190 1972 3254 in
1994 3189 2132 3254 iudicio:
2155 3201 2189 3255 ut
2213 3188 2339 3255 Rornae
2364 3201 2459 3253 erant
2479 3188 2559 3255 iudi·

547 3291 636 3356 atro:
659 3289 745 3354 Man
766 3289 851 3352 aa‘rd
872 3287 959 3351 eines
979 3287 1093 3371 disper
1113 3286 1198 3349 arrad.
1243 3283 1339 3350 Nova
1361 3281 1531 3347 delectant
1584 3280 1635 3344 cia
1668 3277 1841 3364 peculatus
1875 3291 1909 3342 et
1945 3277 2211 3363 repetundarum.
2274 3274 2375 3340 Wenn
2397 3276 2488 3340 einer
2509 3276 2560 3340 dia

546 3373 716 3441 homines:
738 3372 792 3440 aiii
815 3387 894 3440 sunt
914 3371 1159 3438 fastidiosiores
1180 3372 1309 3456 magis,
1331 3366 1387 3434 alii
1409 3371 1530 3443 atinus.
1583 3367 1649 3431 ieut
1669 3366 1845 3431 ndersetzet
1866 3365 1966 3443 batte,
1983 3368 2065 3432 oder
2086 3386 2127 3430 es
2149 3363 2289 3450 pecunia
2306 3360 2442 3450 publica
2464 3370 2560 3428 eicos

633 3461 817 3527 Videamus
839 3461 903 3525 iam
925 3460 1063 3545 primam
1097 3471 1213 3523 nartem
1247 3457 1290 3521 de
1319 3457 1528 3520 contritione.
1583 3454 1775 3518 enimet:
1797 3454 1899 3519 credo
1929 3449 2122 3539 plerumqne
2149 3453 2213 3518 ista
2240 3453 2418 3519 coniuncta
2440 3448 2558 3517 fuisse:

547 3543 596 3613 lbi
619 3551 817 3625 cogitemus,
851 3549 903 3613 uis
926 3547 970 3610 sit
991 3543 1079 3609 ilieii
1094 3545 1264 3609 atthaensr
1286 3554 1339 3608 est
1356 3554 1465 3608 autem
1488 3560 1531 3606 ex
1583 3541 1673 3625 quia,
1695 3542 1751 3625 qui
1773 3560 1841 3629 non
1861 3540 1970 3625 parcit
1991 3542 2140 3627 privatis,
2162 3540 2258 3604 etiarn
2280 3560 2348 3607 non
2367 3539 2476 3627 parcit
2487 3534 2561 3604 ltet-

548 3634 637 3699 tribu
660 3623 753 3697 Levi.
866 3635 952 3698 cium
974 3630 1164 3697 Levitarum
1187 3627 1260 3709 init,
1283 3648 1362 3696 esse
1384 3631 1416 3694 in
1440 3628 1532 3692 mini·
1584 3624 1752 3712 publicae.

548 3720 653 3785 sterio
675 3720 829 3784 docendi.
874 3717 935 3785 lile
956 3730 1047 3784 totus
1070 3719 1171 3796 ordo,
1199 3713 1259 3780 iila
1288 3719 1411 3793 tribus,
1444 3733 1530 3801 quae
1670 3711 1853 3778 Proverbia
1874 3708 2069 3800 plerumque
2088 3711 2271 3800 loquuntur
2291 3710 2332 3778 de
2353 3704 2476 3790 multis,
2490 3730 2561 3779 non

548 3806 907 3884 norninaturLeca’tica,
931 3806 1064 3890 proprie
1086 3801 1146 3869 suit
1164 3804 1317 3868 ordinata
1334 3803 1376 3867 ad
1393 3820 1530 3867 conser-
1583 3815 1717 3883 semper
1739 3799 1780 3864 de
1803 3802 1972 3874 onrnbusr
1992 3815 2027 3865 ut
2049 3820 2123 3867 cum
2148 3799 2283 3866 dieitur:
2307 3794 2466 3863 Germani
2482 3804 2561 3863 serti

548 3893 716 3957 rationem
739 3903 773 3956 et
793 3892 1068 3976 propagationem
1090 3891 1276 3955 doctrinae:
1305 3890 1432 3969 idest,
1459 3889 1531 3954 ine·
1583 3885 1720 3951 ebriosi:
1743 3904 1808 3950 non
1831 3887 1951 3951 dicitur
1972 3889 2015 3952 de
2036 3888 2205 3963 omnibus,
2227 3885 2286 3951 sed
2301 3881 2425 3951 multis.
2468 3886 2563 3967 item,

550 3989 627 4042 runt
648 3988 705 4041 aut
727 3978 924 4042 sacerdotes
947 3987 1003 4040 aut
1018 3976 1232 4042 sacerdotum
1254 3975 1432 4040 ministeria
1455 3976 1532 4060 quia
1583 3970 1745 4037 Martae
1768 3979 1844 4037 sunt
1869 3976 2051 4059 ymruiae:
2082 3975 2149 4039 imo
2181 3970 2313 4060 aliquae
2343 3985 2422 4040 sunt
2452 3972 2563 4060 magis

548 4082 618 4129 non
641 4083 757 4127 ornnes
779 4062 912 4129 suerunt
934 4062 1149 4140 sacerdotes,
1184 4061 1245 4125 sed
1273 4059 1375 4147 aliqui
1399 4058 1532 4128 schola·
1584 4059 1791 4139 taciturnae,
1823 4081 1922 4145 quarn
1955 4059 2048 4126 multi
2080 4062 2154 4126 viri.
2208 4060 2257 4127 ltn
2282 4081 2399 4128 venum
2419 4073 2484 4140 est,
2505 4058 2563 4146 qut

549 4150 637 4228 stici‚
659 4150 835 4228 docentes,
857 4149 1038 4214 discentes.
1081 4145 1132 4213 ilii
1160 4144 1424 4226 luerunt-tales,
1453 4169 1533 4233 qua·
1584 4155 1730 4211 tractant
1753 4166 1906 4232 magnam
1928 4149 2115 4233 pecuniam,
2138 4148 2236 4234 pauci
2268 4145 2410 4215 fideliter
2442 4156 2563 4248 agunt:

549 4231 602 4299 les
625 4255 688 4299 nos
711 4256 839 4314 sumus,
862 4248 920 4300 ant
946 4254 1024 4300 esse
1056 4234 1240 4312 debemus,
1273 4245 1307 4298 et
1339 4254 1407 4297 non
1439 4230 1533 4299 licuit
1584 4228 1779 4320 pierumque
1801 4233 1848 4297 ita
1869 4233 1918 4313 iit,
1939 4234 1994 4298 ubi
2018 4235 2153 4301 occasio
2177 4246 2229 4298 est
2251 4237 2400 4318 peccati,
2432 4235 2478 4299 iin
2508 4252 2563 4299 oo·

550 4322 704 4385 omnibus
725 4322 930 4387 sacrificare.
973 4318 1071 4386 Multi
1098 4334 1195 4387 erant
1224 4320 1365 4384 ordinati
1398 4319 1441 4384 ad
1475 4321 1533 4385 do·
1585 4320 1679 4383 casio
1702 4315 1907 4390 iacitinrem.
1939 4319 2001 4385 Est
2021 4322 2189 4407 antiquum
2208 4322 2435 4407 proverbium:
2464 4318 2564 4385 Wena

551 4406 705 4484 cendum,
721 4418 754 4471 et
768 4409 977 4485 discendum,
992 4404 1047 4472 alii
1063 4407 1096 4471 in
1113 4403 1188 4472 aliis
1204 4404 1302 4472 locis.
1326 4405 1402 4470 Non
1421 4418 1532 4472 autern
1584 4406 1637 4469 ein
1658 4404 1750 4470 Hm
1770 4424 1809 4472 so
1826 4403 1905 4488 farri
1923 4408 1979 4486 isi,
1995 4409 2180 4473 radiasset
2200 4408 2270 4473 sein
2288 4408 2404 4494 pettit
2440 4427 2490 4484 en,
2508 4426 2564 4493 pe·

550 4491 807 4558 sacrificabatur
827 4497 860 4558 in
883 4492 1026 4581 singulis
1048 4490 1149 4559 locis:
1181 4494 1259 4578 quia
1290 4510 1452 4576 expresse
1484 4493 1532 4556 di·
1584 4491 1708 4557 scirirbt
1729 4493 1795 4557 idm
1816 4496 1867 4556 ein
1888 4492 2043 4573 scitarier,
2059 4514 2097 4559 so
2118 4492 2182 4560 tat
2203 4512 2274 4560 era:
2296 4494 2375 4581 qnia
2396 4494 2510 4580 aiqni,
2533 4502 2566 4559 et

551 4589 640 4645 ctum
661 4588 730 4644 esta
766 4577 904 4645 Tentura
930 4585 966 4644 is
991 4598 1056 4644 arto
1083 4582 1156 4644 ioco
1176 4578 1397 4664 sacrificatam
1418 4576 1532 4645 videli-
1584 4579 1613 4642 si
1636 4590 1714 4642 sunt
1734 4580 1842 4667 pragi,
1863 4591 1972 4645 tamen
1994 4580 2157 4646 interdum
2178 4578 2352 4660 labuntur,
2378 4594 2412 4646 et
2441 4577 2565 4648 oblatis

550 4675 605 4730 oet
627 4666 670 4731 ad
693 4664 965 4745 tabernaculum,
993 4676 1026 4731 et
1051 4677 1172 4750 postea
1190 4667 1233 4730 ad
1255 4662 1430 4749 templum3
1453 4666 1531 4752 quia
1585 4667 1821 4731 occasionibus
1854 4662 1986 4733 facilius
2014 4678 2171 4752 peccant.
2221 4666 2341 4733 Dieser
2368 4664 2464 4733 Lorii
2490 4669 2568 4733 stet

548 4749 839 4838 tempiumpostea
856 4753 1024 4817 conditum
1043 4765 1094 4815 est
1111 4773 1174 4837 pro
1191 4750 1422 4830 tabernaculo,
1440 4772 1530 4816 man·
1584 4751 1642 4828 da,
1665 4770 1703 4815 cr
1723 4754 1776 4817 roi
1795 4771 1873 4838 sepa
1893 4750 2566 4832 0000001οε000,0000000000-

549 4838 628 4903 dato
650 4839 773 4904 diuino.
817 4839 854 4903 id
876 4839 972 4905 Deus
993 4835 1360 4915 pranderitSalomoni3
1382 4858 1449 4903 non
1471 4858 1531 4902 vo·
1583 4838 1766 4902 notariam
1779 4836 1972 4920 Publicano,
1987 4842 2049 4904 der
2059 4838 2482 4926 dielaemesrbiadeieqnia
2498 4838 2568 4919 rati

447 5002 449 5006 .
548 4920 620 5002 luit,
643 4936 680 4989 ut
702 4928 861 4990 conderet
882 4924 1016 5003 David,
1049 4925 1111 4988 sed
1142 4921 1249 4989 voluit
1283 4943 1346 4989 suo
1375 4924 1530 4989 mandato
1583 4934 1719 4990 manent
1740 4926 1826 4990 intra
1837 4936 1953 4990 metas.
1986 4925 2154 4993 iohannes
2171 4948 2239 4993 non
2255 4923 2569 5012 damnatoiliciurn,

550 5011 661 5089 condi,
685 5024 719 5075 et
741 5010 821 5076 nihii
851 5013 968 5077 mutari
1000 5008 1055 5076 vel
1087 5011 1206 5076 novari
1239 5010 1271 5073 in
1304 5009 1429 5096 populo
1453 5010 1530 5088 Dei,
1584 5010 1646 5075 red
1669 5011 1764 5076 atate
1785 5029 1849 5076 non
1871 5014 2009 5099 occipite
2035 5014 2128 5079 nitra
2154 5032 2250 5099 quarn
2277 5014 2482 5079 constitutam
2504 5018 2568 5092 ert,

549 5095 583 5160 in
606 5093 760 5162 Ecclesia
787 5099 860 5163 sine
888 5119 952 5164 suo
981 5097 1147 5163 mandato.
1190 5096 1267 5161 Fuit
1294 5094 1435 5181 pulchra
1463 5092 1531 5175 lex,
1585 5097 1681 5164 biciirt
1698 5102 1732 5162 ia
1753 5097 1814 5162 der
1830 5116 1945 5164 marae.
1988 5101 2244 5184 importarem
2264 5103 2313 5166 sie
2334 5100 2465 5186 iriepco
2491 5099 2565 5166 aad

549 5177 696 5247 iaciebat
715 5184 758 5246 ad
782 5184 986 5250 retinendum
1010 5202 1229 5261 eonsensum,
1256 5195 1290 5247 et
1318 5179 1531 5249 conformita·
1583 5186 1646 5264 ien,
1670 5188 1797 5251 inrisaen
1818 5186 1867 5250 sie
1885 5186 1954 5271 pali
1983 5184 2105 5267 baim,
2132 5186 2201 5252 aad
2219 5191 2336 5272 paster
2365 5206 2454 5275 acan
2497 5182 2567 5253 De·

549 5277 627 5345 ietn,
649 5268 866 5333 securitatem
889 5270 1093 5335 doctrinae.'
1116 5269 1191 5335 Fuit
1221 5289 1288 5335 utta
1314 5270 1416 5336 sedes
1444 5270 1531 5333 ortil-
1583 5269 1798 5339 mosthene&
1819 5272 1878 5335 Art
1895 5272 2068 5359 χρημᾰιων,
2091 5277 2144 5338 acl
2164 5268 2236 5338 ἄνευ
2252 5273 2370 5354 πίνων,
2392 5271 2477 5339 edita
2502 5276 2568 5339 loro

549 5354 644 5419 naria
665 5354 698 5418 in
722 5351 870 5440 populo,
902 5356 959 5420 ubi
991 5354 1267 5434 sacrificabatur,
1299 5356 1361 5422 sed
1392 5352 1532 5423 levitae
1583 5354 1964 5438 retractaverim.
2006 5362 2096 5438 item,
2109 5359 2255 5426 Pecunia
2277 5372 2418 5428 vocatur
2439 5378 2567 5429 navus

549 5439 675 5544 passim
696 5439 893 5545 babitabant
914 5443 947 5506 in
975 5452 1045 5508 tota
1072 5442 1234 5530 regione,
1263 5454 1297 5508 et
1328 5442 1362 5523 ln
1395 5441 1530 5521 tudae,
1584 5440 1804 5524 belloramo
1825 5440 1987 5512 Cicerone
2003 5457 2039 5511 et
2058 5442 2296 5515 Demosthene.

549 5535 584 5591 at
604 5521 679 5590 slus
702 5526 855 5592 tnoubus.
877 5528 1111 5607 docebant'et
1132 5530 1237 5594 certis
1256 5530 1463 5614 temporibus
1484 5527 1530 5595 ad

548 5611 728 5694 ucriiida,
749 5614 794 5680 ad
816 5611 971 5699 publicos
992 5626 1180 5681 cenventus
1202 5617 1463 5696 conveniebant,
1484 5616 1541 5682 aa:

549 5697 813 5781 tabernaculum,
834 5712 868 5767 et
888 5711 1009 5788 postea
1026 5701 1073 5767 ad
1088 5697 1258 5788 ternplum.
1473 5726 1477 5733 ·
1514 5706 1541 5739 '''
