5934 6709
480 691 525 763 Rl
1120 690 1234 760 Plllh.
1256 691 1360 760 hillh.
1382 691 1573 762 sctum
1594 690 1862 761 muamus.
2456 694 2505 765 91

477 882 601 965 Mam,
633 891 668 948 et
697 888 866 950 adesum
894 879 962 948 Dei
990 888 1114 964 mapa,
1145 901 1241 965 puoto
1271 883 1464 950 matuta
1516 882 1732 949 constitutum
1763 891 1837 947 erat
1867 882 2041 966 pecuniae.
2102 879 2201 955 Quod
2232 879 2397 969 reliquum
2428 895 2503 951 erat

480 967 639 1033 Nominat
660 969 922 1036 misericordiam
940 986 1044 1053 opera
1061 966 1265 1045 dilectionis3
1286 969 1466 1035 Scientiam
1516 985 1792 1052 suprasummam
1813 964 1905 1032 illam
1921 968 2146 1043 constitutam
2167 968 2201 1034 id
2222 969 2309 1054 ipse,
2330 979 2502 1056 umquam

479 1050 546 1120 Dei
569 1065 670 1119 vocat
691 1073 805 1121 voram
827 1053 938 1120 iidem.
981 1051 1221 1138 complectitur
1247 1054 1335 1119 euim
1361 1065 1465 1120 totam
1515 1072 1624 1132 suum,
1645 1053 1821 1118 retinebat.
1864 1052 2017 1118 Venetiis
2043 1052 2155 1119 adhuc
2183 1065 2238 1121 est
2259 1076 2301 1122 aa
2321 1067 2502 1124 consuatu-

479 1139 701 1205 obedientiam
732 1141 917 1206 secundum
937 1140 1075 1224 primam
1103 1150 1139 1205 et
1165 1139 1347 1204 secundam
1368 1141 1464 1204 tabu·
1515 1139 1575 1203 dot
1601 1134 1745 1203 Elaeant
1755 1137 1876 1203 Veneti
1896 1135 2138 1224 praefecturas,
2159 1140 2194 1204 id
2204 1152 2268 1220 ast,
2291 1142 2503 1209 committunt

478 1221 547 1290 lam
559 1221 736 1312 Decalogi,
758 1237 793 1293 et
814 1226 946 1314 quidem
968 1226 1059 1290 iuxta
1081 1219 1337 1291 declarationem
1355 1223 1465 1290 Evan·
1514 1221 1615 1290 alicui
1636 1224 1763 1289 reditus
1784 1224 1996 1308 provinciae,
2022 1235 2061 1289 ut
2082 1235 2207 1290 cartam
2228 1226 2305 1291 inde
2326 1227 2502 1313 pecuniam

479 1307 569 1397 gelii.
1514 1310 1598 1394 ipsis
1619 1321 1789 1374 numeretr
1815 1309 1890 1394 qui,
1916 1329 1993 1374 oum
2018 1320 2132 1396 potest
2152 1309 2277 1398 aliquid
2297 1309 2440 1393 lucrari,
2465 1314 2501 1379 id

565 1394 726 1462 Homines
747 1392 942 1481 plerumque
965 1391 1166 1460 delabuntur
1181 1394 1226 1459 ad
1244 1395 1464 1475 ceremonias,
1514 1415 1578 1480 pro
1599 1413 1663 1459 suo
1684 1393 1804 1459 labore
1824 1397 1956 1461 retinet.

478 1493 514 1548 et
546 1482 701 1548 omittunt
738 1482 943 1547 necessaria.
1008 1476 1089 1545 ldeo
1129 1490 1240 1545 autem
1278 1481 1465 1546 obedientia
1600 1479 1702 1563 Apud
1733 1478 1940 1545 Herodotum
1980 1491 2015 1545 et
2046 1477 2301 1566 Xenophontem
2333 1494 2502 1563 namtur,

477 1565 618 1632 moralis
639 1564 858 1631 anteferenda
878 1576 931 1630 eat
952 1565 1168 1632 ceremoniis=
1192 1566 1268 1652 qnia
1289 1577 1343 1631 est
1358 1578 1463 1633 aeter·
1514 1562 1914 1652 temporeGyrinondum
1935 1565 2061 1631 indicta
2081 1564 2188 1632 fuisse
2205 1566 2330 1634 tributa
2342 1568 2500 1648 subditis,

477 1672 533 1719 na.
577 1648 673 1717 Deus
700 1652 735 1718 in
757 1662 829 1717 tota
849 1651 1045 1717 aeternitate
1066 1661 1121 1716 est
1141 1647 1237 1731 talis,
1263 1647 1397 1737 qualem
1423 1671 1464 1716 se
1514 1651 1576 1716 sed
1605 1651 1695 1716 dona
1722 1669 1784 1715 san
1810 1670 1947 1716 ornnem
1970 1662 2092 1735 sponte
2121 1647 2266 1717 conferri
2286 1651 2390 1719 solita
2409 1671 2499 1721 esse.

478 1736 656 1823 descripsit
676 1738 711 1805 in
734 1734 827 1823 lege:
860 1748 913 1801 est
941 1747 1074 1814 castus,
1103 1733 1247 1823 diligens
1279 1747 1464 1816 creaturas,
1515 1734 1665 1802 Croesus
1686 1738 1774 1801 enim
1785 1733 1911 1821 (lyram
1931 1734 2096 1816 hortatur,
2117 1748 2155 1802 ut
2176 1757 2315 1805 censum
2336 1738 2502 1820 instituat,

481 1843 596 1902 verax,
617 1821 802 1903 bonellus,
823 1826 942 1888 iustum
965 1818 1079 1886 Talem
1099 1819 1172 1888 vult
1192 1823 1227 1888 in
1248 1822 1348 1889 uobis
1365 1823 1464 1887 etiam
1514 1833 1549 1888 et
1569 1822 1729 1887 tribunam
1749 1821 1882 1887 indicet.
1927 1820 2039 1908 Cyrus
2060 1823 2192 1908 quwrit
2213 1843 2257 1889 ax
2277 1826 2369 1904 suis,
2396 1845 2501 1911 quan·

449 1907 629 1975 'inchoari
650 1908 821 1988 iustitiam,
865 1927 929 1974 uae
951 1908 1050 1973 debet
1072 1925 1150 1974 esse
1169 1919 1342 1994 perpetue.
1383 1907 1463 1973 ideo
1514 1919 1583 1973 mm
1603 1907 1716 1973 adhuc
1846 1908 1900 1972 iae
1919 1906 2069 1974 habeant
2088 1909 2123 1973 in
2143 1920 2312 1994 promptu.
2344 1908 2431 1977 Cum
2449 1910 2500 1975 in·
2593 1908 2602 1929 “

477 2013 547 2061 non
573 1996 783 2080 abrogentur
810 2015 830 2060 c
869 2006 923 2059 tus
948 1990 1094 2059 morales
1129 1992 1219 2060 siout
1244 1993 1463 2060 mactationes
1515 1992 1665 2059 renim
1685 1927 1888 2077 maffia
1908 2012 2009 2078 quam
2029 1993 2207 2078 sperabat,
2234 1995 2438 2062 revocatori
2459 2012 2502 2063 so

477 2079 698 2147 victimarum.
1515 2070 1695 2145 croesum:
1728 2080 1792 2160 Art,
1812 2077 1936 2163 iuquit,
1956 2077 2071 2144 uelim
2091 2087 2144 2145 est
2161 2082 2386 2146 commem
2403 2099 2500 2163 pecu·

564 2164 623 2231 δίο
650 2165 752 2252 igitur
778 2162 945 2230 iohannes
971 2162 1106 2230 deducit
1126 2181 1208 2229 suos
1229 2164 1399 2233 auditores
1418 2164 1464 2231 ad
1514 2171 1601 2230 mosa
1620 2169 1748 2242 amaa,
1768 2182 1870 2246 paona
1885 2161 2014 2229 motai
2056 2160 2252 2250 Respondet
2273 2161 2348 2233 ilia:
2375 2168 2502 2235 Anicia
2581 2246 2583 2249 v

387 2288 395 2307 ·
477 2247 1358 2404 ,aass
1297 2248 1463 2400 ππ
1512 2256 1659 2402 ππ
1683 2247 2501 2418 πποπππππ

342 2478 347 2487 .
476 2421 582 2488 istam.
595 2432 724 2506 partem
744 2420 832 2507 legis
854 2421 905 2487 eis
925 2421 1100 2508 proponit,
1122 2441 1210 2507 quae
1231 2431 1286 2486 est
1302 2417 1463 2497 naturalis
1513 2423 1584 2487 rius
1606 2417 1787 2506 Hystaspis
1817 2430 1939 2504 postea
1969 2419 2093 2486 tributa
2124 2421 2295 2487 constituit
2325 2422 2361 2487 in

475 2503 1464 2697 testamentariam
1508 2504 2412 2679 aare„
2432 2596 2500 2662 t

476 2679 567 2745 bona
588 2698 706 2764 opera,
726 2678 815 2745 sicut
836 2675 963 2745 Penius
983 2679 1104 2763 inqmt:
1134 2676 1204 2743 Per
1220 2679 1320 2758 fidem
1339 2679 1463 2744 atotttt·
1513 2683 1652 2749 minant
1674 2674 1827 2756 Darium,
1847 2683 2059 2759 rumorem

475 2785 548 2830 nota
566 2766 688 2847 iepenu
708 2764 800 2829 addit
821 2763 866 2829 de
885 2760 1051 2830 fiuctibus
1071 2763 1294 2846 poenitentiae
1316 2774 1349 2829 at
1370 2762 1461 2829 fidei:
1599 2759 1708 2827 'laxat
1723 2773 1836 2827 autom
1853 2759 2020 2828 lohannes
2041 2766 2216 2843 πλεονεξίαν
2232 2760 2501 2849 publicanorum,

479 2852 543 2929 Qut
560 2852 657 2954 babet
675 2851 761 2953 dana
781 2857 903 2928 mter,
924 2851 982 2915 det
999 2857 1243 2952 tommoepentt:
1262 2847 1296 2913 id
1318 2858 1383 2926 est,
1405 2867 1462 2915 ax·
1513 2866 1556 2915 eo
1576 2847 1672 2932 ipso,
1729 2847 1797 2913 uod
1828 2858 1922 2914 vetat
1952 2844 2029 2933 plus
2050 2848 2197 2954 exigere,
2218 2868 2320 2941 quam
2341 2849 2500 2916 coustitu-
2564 2910 2573 2925 ,

474 2932 1462 3107 ihi‘fflliffllfnlllilff,willirih}
1512 2944 1584 3086 ill
1602 2942 1730 3085 ἔξω
1743 2952 1815 3084 i'l’
1830 2935 2501 3107 bttttttt'itt‘dtt‘tttt

500 3105 785 3211 nibnsoinvandus
808 3116 862 3172 est
881 3107 1065 3211 proximus.
1112 3105 1251 3172 biodum
1272 3114 1384 3172 antem
1404 3105 1461 3172 do·
1512 3104 1762 3189 superioribus,
1794 3105 1858 3170 sad
1887 3101 1957 3171 alia
1981 3105 2132 3190 insuper,
2163 3105 2342 3211 undeipsi
2367 3104 2499 3172 luorum

475 3187 1461 3362 „cc
1511 3189 1684 3345 ππ
1697 3188 2499 3364 mammam

474 3364 566 3449 quod
587 3361 729 3430 habetis
772 3361 816 3430 Et
835 3361 980 3431 Paulus:
1011 3365 1083 3430 Non
1103 3372 1142 3430 at
1159 3363 1210 3429 ilii
1229 3369 1276 3430 sit
1293 3369 1407 3446 owart,
1428 3371 1465 3430 et
1512 3359 1740 3448 expilaverant
1771 3361 1940 3442 homines,
1983 3382 2086 3449 supra
2119 3382 2219 3449 quam
2250 3360 2346 3451 lagos
2378 3380 2501 3430 oon&

474 3452 535 3516 aba
564 3451 710 3535 ansano.
763 3446 924 3516 Salomon
955 3466 1090 3534 quoquo
1122 3447 1220 3514 dicit:
1264 3451 1384 3516 Fontes
1414 3454 1464 3516 tui
1512 3449 1646 3516 debant

474 3537 793 3618 dementatam,
813 3545 849 3602 et
865 3543 901 3600 ta
921 3537 1079 3601 nomam
1098 3553 1210 3600 eorttm
1230 3542 1310 3600 esto.
1353 3532 1460 3599 Nemo
1597 3531 1740 3600 Multum
1766 3545 1879 3600 mmen
1901 3529 2119 3620 indulgebant
2140 3530 2282 3599 Romani
2307 3530 2500 3620 publicauit

366 3643 377 3664 ·
475 3632 530 3686 est
551 3619 733 3686 eiiciendus
756 3639 799 3685 ex
818 3619 966 3706 proprio,
987 3620 1050 3685 sed
1074 3617 1247 3686 retinenda
1267 3629 1321 3686 est
1345 3618 1460 3685 distin·
1511 3620 1600 3685 snisr
1621 3620 1700 3707 quia
1721 3620 1756 3685 in
1771 3618 1884 3706 ampla
1900 3620 2141 3705 gubernatione
2156 3637 2243 3704 opus
2260 3630 2315 3685 est
2335 3618 2501 3686 eiusmodi

475 3705 543 3772 otio
560 3705 780 3771 dominiorum
800 3716 836 3771 et
856 3705 1076 3791 proprietatis
1117 3703 1227 3770 hiuita
1248 3716 1328 3772 sunt
1348 3705 1461 3772 danda
1484 3790 1488 3795 .
1510 3704 1709 3771 hominibus·
1730 3724 1836 3790 penes
1857 3723 1945 3791 quos
1966 3705 2010 3771 sit
2031 3702 2173 3789 pecunia
2200 3714 2330 3788 parato.
2374 3703 2499 3770 Gieero

475 3792 670 3878 egentibus3
691 3788 805 3895 fontes
826 3801 1039 3916 tamensunt
1059 3790 1230 3861 retinendi.
1290 3879 1297 3892 ο
1433 3846 1438 3853 .
1482 3790 1627 3929 Ιὴαὴιιίι
1647 3786 1846 3894 publicanos
1868 3793 1903 3857 iu
1924 3790 2073 3870 honoro,
2099 3801 2138 3857 ut
2164 3800 2284 3876 posset
2310 3789 2356 3855 ad
2377 3808 2498 3856 omnes

560 3877 617 3982 dd
637 3874 837 3963 publicanos
859 3878 977 3965 inqmt.
1022 3879 1093 3945 Noa
1108 3880 1188 3962 pius
1207 3882 1338 3959 wlpra,
1363 3896 1460 3960 pem
1510 3895 1614 3980 casus
1635 3877 1766 3941 subitos
1792 3896 1827 3979 tn
1856 3887 2014 3981 promptu
2039 3872 2169 3942 habere
2194 3875 2380 3961 pecuniam.
2424 3873 2499 3943 Rex

473 3970 758 4031 aar,
1510 3956 2499 4199 πὼπΜπἚ

1088 4286 1146 4370 Pu
1203 4287 1293 4341 (Μ
1510 4304 1601 4407 εἰωοο
1620 4305 1722 4384 novi,
1753 4305 1877 4409 adpmit
1907 4305 2094 4406 pecuniam,
2125 4303 2285 4371 ambienti
2317 4303 2497 4369 admodum

561 4473 692 4540 Graece
720 4473 933 4539 nominantur
962 4473 1107 4553 τολοῖοοο,
1145 4474 1235 4561 quod
1263 4493 1385 4541 nomen
1407 4484 1461 4540 est
1511 4387 1914 4562 gielhltmpthhhrlihflhhlum
1942 4387 2497 4559 villhllchhmflorhihhlelhtquleffln·

472 4581 495 4626 a
515 4564 609 4638 aava,
631 4570 666 4625 et
687 4556 824 4641 ὄοοῦμοο.
867 4557 968 4642 Apud
987 4557 1128 4626 Paulum
1160 4570 1240 4626 sunt
1271 4561 1338 4626 duo
1359 4579 1460 4626 voca·
1510 4561 1641 4626 sciebat
1660 4561 1872 4627 ambitiosum
1894 4579 1985 4627 esse.
2018 4559 2177 4626 Narravit
2186 4559 2230 4640 ei,
2249 4557 2390 4629 Paulum
2411 4578 2497 4645 pou·

373 4658 377 4673 ¹
473 4644 566 4725 bula,
587 4643 688 4730 Φάρος
709 4655 744 4710 et
764 4651 856 4720 τέλος.
886 4643 986 4730 Φόρος
1006 4656 1087 4710 sunt
1107 4646 1233 4711 reditus
1254 4665 1296 4711 ex
1312 4646 1405 4733 agris
1427 4657 1461 4711 et
1510 4645 1633 4711 tiiieem
1658 4665 1739 4713 esse
1759 4657 1937 4712 mortuum.
1980 4640 2041 4713 lile
2069 4646 2183 4712 statim
2204 4645 2396 4714 subiunxit:
2434 4643 2496 4710 Se·

472 4727 651 4798 fructibna=
696 4737 799 4812 petris
825 4733 1025 4797 monimen
1051 4749 1121 4796 oona
1144 4734 1260 4813 Lortdt,
1293 4743 1342 4810 ut,
1369 4731 1461 4817 quod
1509 4732 1684 4799 recissime
1704 4731 1795 4812 Rex,
1828 4733 2009 4798 interesset
2039 4741 2154 4797 vestra
2185 4742 2219 4798 et
2245 4729 2436 4811 multorum,
2456 4741 2496 4797 ut

472 4819 630 4903 princeps
661 4815 785 4902 aliquis
817 4814 920 4882 habet
952 4835 994 4881 ex
1027 4815 1093 4882 hac
1124 4813 1336 4902 praefectura
1366 4815 1460 4884 milla
1509 4814 1631 4902 aliquis
1663 4817 1856 4906 eligeretur,
1888 4819 1945 4903 qui
1976 4818 2037 4882 tibi
2069 4830 2103 4882 at
2134 4834 2241 4903 regno
2274 4830 2333 4884 tuo
2364 4817 2495 4883 amicus

472 4903 603 4970 modios
624 4899 799 4982 frumenti,
830 4921 872 4966 ex
892 4897 959 4966 olia
980 4896 1069 4967 mille
1089 4900 1271 4985 amphoras
1292 4902 1372 4982 vini,
1394 4914 1456 4969 etc.
1510 4916 1613 4969 asset.
1656 4902 1843 4991 Respondit
1862 4900 1949 4969 Rex:
1987 4901 2115 4969 Verum
2137 4915 2205 4968 est:
2228 4915 2263 4970 et
2284 4902 2388 4988 quidi
2408 4903 2440 4968 si
2459 4912 2495 4969 ta

474 4987 572 5063 Τέλος
592 4988 622 5053 si
669 4987 760 5061 itioat
781 4985 976 5074 vectigalia,
1007 4998 1045 5053 ut
1065 4988 1193 5054 reditus
1215 5008 1258 5053 ex
1278 4990 1459 5073 portubus;
1509 5007 1686 5072 possemus
1708 4986 1867 5056 sufficere
1888 4989 1922 5055 in
1943 4985 2033 5055 illins
2054 4986 2191 5056 locum?
2222 4989 2367 5069 Utinam,
2387 4988 2496 5075 inquit

471 5074 561 5140 siout
588 5074 616 5138 P
652 5073 763 5139 atinus
792 5073 902 5151 habet
918 5074 1098 5161 quotannis
1124 5070 1254 5159 aliquot
1274 5070 1378 5140 millia
1397 5073 1459 5140 ilo·
1509 5072 1577 5151 ille,
1600 5075 1667 5142 hoc
1689 5075 1761 5142 iieri
1787 5086 1914 5160 posset.
1959 5076 2028 5142 Sed
2061 5095 2146 5162 opus
2173 5088 2226 5140 est
2254 5076 2414 5159 pecunia,
2446 5074 2494 5140 ait

472 5179 630 5226 ranorum
651 5177 694 5224 ex
716 5159 937 5247 vectigalibus
961 5159 1005 5226 ad
1026 5157 1190 5225 Rhenum.
1235 5160 1294 5226 Sic
1314 5158 1373 5224 hlo
1443 5196 1457 5211 ·
1508 5157 1594 5241 Rex,
1615 5161 1660 5226 ad
1680 5159 1769 5228 hano
1789 5181 1862 5228 rem
1883 5161 2142 5240 conficiendam,
2168 5181 2268 5246 quam
2294 5162 2395 5226 modo
2423 5179 2494 5226 non

471 5246 574 5325 tinus,
596 5254 662 5310 etc.
705 5242 880 5313 Vocantur
901 5264 985 5333 ergo
1010 5247 1156 5324 τελῶναι,
1184 5246 1263 5332 quia
1288 5244 1376 5312 habe
1399 5257 1458 5312 ant
1507 5244 1628 5312 habeo.
1674 5246 1862 5314 Cardinalis
1895 5249 1987 5326 dixit,
2020 5265 2061 5313 se
2092 5245 2220 5311 hahere
2241 5246 2377 5313 circiter
2407 5246 2494 5310 duas

471 5331 763 5485 hmlmerlihlms'
807 5329 1052 5484 cpnduoebathl
1093 5326 1320 5484 raafectura&
1342 5332 1458 5485 abablio}
1507 5343 1630 5485 ‘lihlths
1651 5334 1772 5486 amihil
1789 5333 1881 5484 Res,
1908 5335 1994 5485 §alls
2021 5350 2120 5481 cazat),
2152 5334 2492 5485 inopitglffiadessuffi

496 5437 595 5484 ano
722 5437 1004 5505 pecuniamsena
1104 5437 1235 5483 onrano.
1306 5441 1317 5484 ι
1507 5438 1695 5485 armm
1773 5441 1863 5505 qm.
1936 5438 2056 5500 epa
2145 5437 2209 5502 pos
2360 5436 2381 5482 e

351 5565 357 5577 ,
471 5500 594 5588 aliquis
614 5503 820 5590 provinciam
845 5504 910 5570 sibi
931 5499 1114 5583 alocatam,
1139 5504 1170 5569 is
1191 5505 1388 5571 numerabat
1413 5523 1457 5569 ex
1505 5500 1639 5586 literae,
1668 5525 1755 5592 quae
1775 5502 1968 5571 referebant
1988 5500 2130 5569 Paulum
2151 5504 2199 5569 Pa
2292 5498 2415 5571 'adhuc
2443 5504 2492 5568 vi·

471 5590 634 5661 aeditibus
649 5601 683 5659 at
703 5588 930 5680 vectigalibus
951 5586 1043 5656 illius
1067 5589 1275 5677 provinciae,
1296 5600 1455 5677 quamum
1506 5609 1596 5656 vere·
1640 5589 1691 5658 ita
1711 5590 1786 5657 Rex
1806 5591 1953 5658 emunxit
1971 5585 2065 5658 illurn
2086 5524 2277 5677 memlfm
