5934 6709
472 747 539 815 rm
1119 741 1857 843 namucuscntemnxncancs.
2426 744 2495 813 reo

480 939 546 1002 Wir
565 937 642 1002 sind
661 938 725 1000 otte
744 937 825 1011 niso,
847 934 918 998 aad
932 936 1136 1015 pedenclren:
1162 931 1235 997 Nos
1257 930 1453 997 habebimus
1505 951 1697 998 communes
1719 931 1881 997 miserias.
1934 935 1993 1000 Iir
2007 934 2116 1016 mittet
2136 935 2250 1015 aeliae,
2284 940 2347 1001 trie
2366 954 2407 1001 ee
2428 953 2492 1003 ortt

472 1023 598 1087 bonum
619 1032 741 1084 statum
763 1020 827 1083 sub
861 1017 926 1082 isto
953 1016 1119 1105 principe,
1150 1020 1222 1084 und
1246 1019 1350 1084 noem
1372 1019 1456 1084 troil
1501 1021 1606 1101 peltet.
1663 1017 1828 1105 Origenes
1858 1019 1937 1085 citat
1957 1014 2043 1084 baec
2065 1020 2166 1100 dicta,
2197 1019 2331 1106 quando
2355 1020 2493 1105 exponit

469 1110 668 1190 peretrum,
700 1107 779 1172 dors
811 1126 847 1170 es
878 1107 1026 1173 daretne
1058 1108 1139 1171 cites
1170 1105 1362 1180 vertebrae,
1394 1107 1455 1169 cire
1503 1102 1777 1189 propositionem:
1799 1108 1880 1172 Fide
1900 1107 2120 1186 fortificemur.
2161 1105 2257 1173 item:
2286 1108 2396 1187 Beati,
2417 1126 2491 1191 quc

471 1196 561 1260 dena
581 1195 635 1259 ein
652 1192 776 1258 ander:
808 1190 852 1255 Ut
884 1210 947 1253 nos
980 1191 1046 1255 hoc
1079 1204 1229 1274 ternpore
1250 1185 1352 1254 multa
1375 1187 1455 1255 talia
1505 1211 1577 1257 rotn
1597 1193 1854 1258 remuneremur
1878 1197 2079 1276 intereuntem
2108 1203 2143 1257 et
2165 1193 2259 1259 dicite
2292 1212 2361 1256 non
2385 1192 2491 1259 debes

474 1275 628 1363 exempla
659 1278 809 1343 vidimus.
875 1273 972 1342 Deus
1012 1273 1138 1362 colligit
1171 1277 1234 1341 sihi
1266 1272 1454 1341 Ecclesiam
1506 1274 1714 1343 tantumhoc
1736 1275 1863 1364 legere,
1884 1278 1945 1343 sed
1968 1279 2067 1357 scire,
2088 1280 2276 1364 quodcum
2298 1274 2367 1343 ilde
2391 1299 2491 1365 opor·

473 1362 667 1430 mirabiliter
688 1365 721 1428 in
747 1359 813 1428 illis
836 1362 1100 1447 dispersionibus
1129 1373 1162 1426 et
1187 1363 1250 1428 sub
1274 1381 1392 1427 cruce:
1421 1373 1456 1427 et
1505 1373 1575 1427 teat
1603 1364 1760 1449 coniungi
1793 1375 1946 1430 caeteras
1968 1366 2126 1431 virtutcsz
2159 1375 2193 1431 et
2223 1365 2274 1430 sic
2307 1373 2361 1428 cst
2389 1362 2490 1431 homo

474 1471 673 1536 quamquam
694 1451 752 1514 dat
773 1445 884 1534 aliqua
902 1445 1059 1531 hospitia,
1083 1458 1191 1513 tanuen
1208 1469 1276 1512 non
1298 1444 1371 1513 tuit
1392 1468 1456 1513 nos
1505 1449 1636 1515 beatus.
1692 1447 1786 1514 Facit
1818 1451 1974 1516 usitatam
2003 1448 2247 1536 synecdochen
2273 1450 2307 1517 lu
2335 1448 2494 1521 domnas-

475 1534 642 1602 confidere
659 1534 834 1619 praesidiis
845 1533 1044 1618 Principum,
1067 1532 1296 1619 hospitiorum,
1317 1535 1455 1614 arcium,
1506 1534 1548 1600 de
1569 1533 1804 1601 iustificatione
1825 1556 1939 1600 coram
1961 1532 2056 1617 Dec,
2111 1558 2187 1604 uam
2207 1534 2336 1602 iaciunt
2351 1534 2490 1605 schola·

472 1618 818 1711 Rerumpuhlicarum,
846 1623 925 1686 oder
946 1628 1007 1686 wie
1028 1622 1098 1686 telis
1118 1639 1245 1686 aenaea
1265 1625 1334 1699 soi,
1360 1619 1455 1685 Deus
1506 1620 1581 1685 stici
1599 1622 1769 1701 doctores,
1789 1619 1982 1691 'l'homistac
2003 1634 2036 1689 ει
2056 1619 2122 1689 alb.
2166 1621 2225 1690 Sic
2252 1635 2490 1710 argumentor:

472 1705 545 1773 Νὴ
560 1708 878 1874 ἲὶῗνεεῖῗῗιῗῖπῗιὲ
897 1707 1255 1871 ῗέῗῑεῖῗιὲῗῃείῗιῗιίεει
1276 1791 1319 1856 de
1342 1810 1454 1870 cruce,
1634 1739 1863 1892 ffifflfflm
1888 1741 1991 1807 Beati
2014 1761 2195 1827 ''aum‘’
2224 1744 2334 1829 ''m''
2363 1745 2491 1811 Μ

473 1879 564 2028 pund
587 1877 742 1945 Ecclesia
763 1878 807 1943 sit
829 1879 980 1944 subiecta
1003 1879 1106 1954 cruci,
1134 1891 1168 1943 et
1189 1876 1280 1941 addit
1302 1874 1456 1962 exempla
1633 1914 1724 1998 &90
1739 1921 1881 1999 propper
1901 1921 2019 1980 mm
2119 1935 2142 1981 a
2157 1933 2266 1981 mm
2288 1914 2382 1981 M
2485 1888 2487 1893 ’

503 1964 728 2048 rophetarum,
742 1984 828 2048 quos
840 1975 971 2029 constat
982 1961 1454 2049 luissciumagnisaerumnis,
2040 1934 2120 1999 ‘'p‘'
2380 1965 2389 1979 ⁹

473 2062 507 2115 et
530 2047 629 2115 simul
646 2059 773 2129 monet,
797 2069 841 2115 ne
862 2060 1039 2135 propterca
1068 2051 1254 2137 cogitemus
1285 2070 1349 2114 nos
1377 2069 1455 2115 esse

473 2138 625 2202 abiectos
646 2158 668 2202 a
688 2134 776 2216 lieo,
798 2137 889 2221 quod
911 2137 1016 2202 simus
1038 2136 1179 2201 subiecti
1201 2134 1303 2201 cruci.
1475 2106 1483 2269 Ι

560 2221 610 2288 lta
632 2219 717 2288 haec
739 2234 808 2287 tcta
842 2222 959 2286 concio
990 2233 1044 2287 cst
1072 2222 1242 2287 doctrinae
1275 2232 1308 2286 ει
1334 2241 1455 2287 conso-
1712 2279 1721 2297 ,
1857 2278 1867 2296 ,
2426 2284 2435 2300 ,
2466 2283 2475 2300 ‚

473 2304 553 2372 latio
578 2321 694 2374 contra
728 2308 901 2393 opiniones
925 2305 1156 2388 Pharisaicas,
1184 2308 1280 2458 ‹ppasi
1302 2305 1456 2373 Ecclesia
1508 2278 1644 2382 Quare
1681 2282 1747 2363 hle
1790 2278 1889 2362 facts
1920 2277 2242 2390 synecdochen?
2285 2310 2373 2367 non
2423 2284 2487 2389 lbi,

474 2394 519 2459 sit
541 2390 651 2469 sutura
667 2415 806 2481 regnum
819 2392 946 2459 florens
968 2390 1061 2474 luxu,
1084 2406 1117 2460 ct
1140 2396 1194 2481 opi
1219 2414 1270 2459 us.
1300 2391 1455 2461 Christus
1507 2431 1599 2485 cum
1632 2401 1798 2484 dicitur:
1831 2410 1948 2490 Beati,
1974 2430 2110 2495 quorum
2142 2414 2300 2479 rmum
2324 2422 2405 2480 m
2430 2415 2487 2480 ist.

473 2481 629 2566 proponit
661 2481 759 2546 nobis
793 2474 892 2545 simul
919 2499 1114 2561 aerumnas,
1148 2495 1180 2545 et
1203 2476 1455 2546 consolationes
1910 2513 2073 2599 ψοίας

474 2567 516 2631 de
538 2566 744 2653 mitigatione
765 2585 1015 2653 aerumnarumt
1044 2568 1121 2651 quia
1142 2567 1235 2631 addit
1285 2565 1455 2632 remissio·
1477 2551 1483 2587 '

472 2672 563 2724 ''⁶¹¹''
596 2652 686 2739 ‘¹⁰⁰³
702 2663 828 2800 ιωΕΙιθη
850 2652 944 2801 *lii
965 2646 1280 2805 iliimiiiiin
1294 2671 1353 2717 ⁶¹¹⁸
1375 2649 1456 2804 lili
1507 2648 1940 2803 mtr÷0l⁶⁸¹²illi⁰mi⁰ll
1957 2653 2351 2806 attestatis
2374 2652 2486 2806 ‘0³33

473 2736 935 2906 &hllaerpcltffmaln’dillte
955 2826 1002 2889 ad
1030 2783 1192 2891 senectam
1219 2758 1376 2909 parm
1390 2844 1455 2892 oca.
1506 2822 1594 2903 Deo,
1615 2784 1678 2890 sed
1700 2784 1863 2890 habtintes
1887 2762 1956 2889 rengr
1986 2826 2125 2904 bonam,
2152 2825 2217 2890 dot
2243 2826 2290 2891 ist
2316 2823 2486 2893 Gramma-

472 2907 567 2975 Deus
591 2930 658 2976 non
679 2920 859 2996 propterea
881 2912 967 2975 sinet
986 2907 1089 2975 deleri
1107 2906 1307 2979 Ecclesiam.
1329 2910 1455 2975 etiamsi
1507 2910 1574 2975 tica
1595 2908 1731 2989 solutio,
1753 2910 1787 2974 id
1809 2921 1872 2990 est,
1895 2921 2141 2996 paupertatem,
2173 2911 2336 2989 iniurias,
2370 2914 2488 2978 iudicat

1591 2049 1805 2136 Respondco.
1849 2049 1912 2116 Est
1934 2049 2167 2138 synecdoche.

354 3044 356 3049 ,
473 2996 535 3060 crit
568 2996 601 3061 iu
633 2998 765 3081 magnis
798 3000 984 3061 aerumnis:
1023 2998 1143 3064 Portae
1176 3003 1359 3082 inferorum
1389 3016 1456 3063 non
1507 2996 1649 3061 mundus
1672 3015 1752 3062 esse
1782 2997 1880 3083 signa
1912 2996 1982 3062 irae
2004 2993 2092 3074 Dei,
2125 2998 2223 3082 signa
2254 2998 2487 3064 reiectionisa

467 3081 703 3165 praemittat
721 3090 838 3148 contro
859 3101 941 3148 earn.
1506 3080 1594 3148 Dec.
1637 3081 1710 3168 Ego
1734 3083 1821 3162 dico,
1845 3103 1912 3148 non
1934 3102 2013 3147 csse
2033 3083 2132 3168 sigua
2154 3082 2350 3149 reiectionis
2372 3082 2486 3163 alico,

1506 3168 1568 3233 sed
1588 3188 1645 3232 res
1668 3171 1787 3234 bonas.
1830 3167 1949 3249 Beati,
1982 3169 2016 3234 id
2044 3179 2118 3249 est,
2150 3167 2316 3234 habentes
2338 3190 2410 3236 rem
2428 3171 2483 3236 bo·

722 3284 786 3352 Ex
803 3286 911 3353 Am
931 3286 1205 3354 RHApSOfflA·
1507 3274 1594 3325 nam,
1613 3255 1671 3319 acie
1691 3275 1726 3319 ea
1748 3254 1795 3319 dc
1815 3254 1934 3322 sichel:
1973 3253 2116 3334 Beatus,
2139 3257 2198 3340 φα·
2216 3254 2372 3341 iniciis‘pit
2391 3273 2486 3342 super

1507 3361 1635 3427 apertum
1657 3348 1689 3406 et
1708 3359 1894 3426 pauperem.

473 3446 574 3551 Quis
605 3461 669 3531 est
697 3448 789 3530 finis
825 3447 945 3531 huius
982 3447 1211 3532 concionis?
1249 3475 1331 3557 quo
1362 3477 1455 3559 spe-

472 3563 584 3661 ctati
616 3596 741 3679 quere
762 3568 881 3680 istam
897 3570 1325 3652 commemorationem
1340 3567 1457 3680 ponit
1506 3569 1632 3655 Estne
1662 3570 1791 3654 iustus
1826 3581 2059 3681 propterea,
2098 3569 2141 3652 id
2178 3581 2259 3675 esi,
2295 3583 2483 3686 acceptus

663 3701 759 3772 ante
791 3686 1105 3773 declarationem
1134 3688 1260 3800 legis?
1561 3691 1773 3774 advitam
1805 3703 2012 3774 aeternam
2044 3702 2087 3772 et
2116 3691 2279 3802 placens
2310 3691 2431 3781 Deci

557 3851 771 3938 despondeo.
807 3851 894 3919 'l'ota
910 3851 996 3920 haec
1018 3855 1150 3922 concio:
1172 3858 1269 3920 Beati
1279 3873 1456 3938 pauperes,
1593 3856 1688 3931 Non;
1709 3856 1772 3921 scd
1792 3855 1922 3921 hahens
1943 3876 2014 3921 rem
2048 3857 2193 3935 bonam,
2224 3854 2360 3925 babens
2391 3878 2512 3925 uuam·

470 3947 576 4018 ηιιιεε,
604 3942 839 4018 misericordes,
860 3950 924 4005 etc.
947 3952 999 4005 est
1021 3936 1206 4007 consolatio
1220 3953 1337 4005 contra
1358 3959 1456 4005 scan-
1507 3942 1673 4025 virtmem,
1696 3941 1814 4006 dicitur
1831 3941 1873 4006 de
1894 3942 2017 4008 iustitia
2039 3939 2239 4027 particulari.
2283 3942 2382 4011 trem:
2403 3944 2482 4011 Bea-

473 4024 584 4092 dalum
603 4026 730 4093 crucis:
753 4037 785 4090 et
798 4038 849 4090 est
860 4027 979 4092 concio
991 4024 1111 4106 dulcis,
1132 4025 1194 4090 sed
1206 4025 1239 4091 in
1251 4026 1455 4112 experiundo
1507 4037 1571 4107 tus,
1592 4028 1651 4113 qui
1668 4027 1764 4094 babet
1784 4047 1917 4094 atrorem
1951 4031 2206 4108 emendation,
2237 4030 2352 4114 picam
2384 4031 2483 4097 made

472 4109 574 4181 valde
596 4132 721 4177 amara.
770 4110 833 4178 list
866 4113 986 4179 concio
1015 4133 1079 4202 pro
1107 4132 1211 4200 grege
1233 4109 1455 4179 scholastico:
1507 4123 1603 4194 stom,
1626 4114 1659 4180 id
1681 4126 1745 4192 est,
1766 4110 1895 4181 hahens
1918 4136 1988 4181 rem
2010 4116 2144 4181 bonam.
2193 4119 2265 4182 Das
2297 4116 2404 4197 Ιιειζει,
2434 4136 2481 4182 se·

472 4204 519 4269 Er
540 4207 584 4269 tat
603 4206 675 4265 eine
701 4201 836 4282 predia!
863 4204 926 4283 fier
956 4203 1009 4268 die
1039 4219 1155 4266 armen
1182 4198 1371 4281 audentea,
1399 4217 1457 4265 eor
1509 4201 1652 4268 cundum
1685 4222 1799 4266 veram
1832 4214 1866 4266 et
1899 4199 2082 4287 simplicem
2116 4200 2385 4270 Grammaticam.
2428 4201 2480 4268 Sic

472 4288 527 4355 die
548 4305 661 4353 craten
683 4288 931 4370 dormvfcrlter,
964 4290 1033 4354 aad
1052 4291 1116 4353 alle
1132 4285 1359 4370 predu’cantert,
1386 4284 1457 4350 ubi·
1509 4287 1643 4354 dicitur:
1664 4287 1800 4358 Beatus,
1822 4290 1880 4372 qui
1898 4290 2020 4353 invertat
2042 4307 2175 4353 amorem
2196 4287 2333 4368 boumn,
2360 4297 2392 4355 et
2412 4289 2480 4355 trs

473 4393 605 4460 cunque
622 4381 718 4449 sunt,
751 4371 879 4439 sivein
907 4373 1065 4453 urbibus,
1099 4374 1173 4438 sire
1193 4374 1227 4458 in
1247 4373 1368 4458 pagis,
1401 4371 1457 4457 qui
1508 4376 1573 4440 riet
1592 4377 1789 4458 voluptatem
1811 4394 1834 4438 a
1855 4373 2006 4439 Domino.
2050 4374 2186 4454 Beatos,
2208 4376 2267 4460 pai
2285 4372 2481 4457 maeotim

471 4481 541 4526 non
563 4469 640 4524 sunt
662 4458 784 4548 tribuni
810 4456 937 4544 plebis,
972 4460 1098 4537 idest,
1154 4460 1186 4525 ui
1219 4459 1355 4524 nonita
1379 4477 1456 4523 con·
1509 4471 1573 4538 est,
1595 4462 1649 4527 cui
1672 4461 1811 4547 contigit
1833 4482 1919 4526 uxor
1940 4462 2041 4541 bona,
2064 4473 2097 4526 et
2119 4462 2219 4548 digna
2240 4458 2358 4527 laude:
2379 4463 2480 4539 idest

472 4547 665 4625 cionantur,
699 4555 736 4610 ut
766 4546 834 4609 sint
863 4542 987 4612 similes
1015 4547 1122 4633 magis
1174 4545 1300 4610 ribunis
1332 4542 1455 4630 plebis,
1509 4547 1636 4614 Beatus
1659 4557 1733 4624 est,
1767 4547 1821 4632 qui
1843 4544 1945 4612 habet
1963 4544 2175 4634 tranquillum
2208 4549 2425 4637 coniugium,
2452 4544 2481 4612 itl

471 4654 570 4720 quam
588 4631 670 4697 disci
694 4628 825 4697 olorum
836 4628 973 4710 Christi,
995 4634 1097 4699 Erist
1114 4635 1176 4698 der
1191 4651 1306 4697 armen
1326 4633 1457 4698 scium
1480 4652 1483 4658 ·
1508 4644 1574 4712 cst,
1595 4633 1723 4698 hahens
1744 4653 1816 4698 rem
1838 4634 1970 4699 bonam.
2014 4633 2092 4698 Non
2116 4633 2236 4700 dicitur
2262 4634 2308 4699 de
2335 4646 2481 4721 accepta·

465 4723 608 4805 prediat.
690 4717 757 4784 uod
786 4713 937 4803 plerique
958 4719 1033 4783 sitis
1064 4737 1248 4804 pauperes,
1283 4717 1390 4795 scitis,
1422 4724 1457 4781 et
1508 4722 1599 4785 tione
1620 4740 1733 4786 coram
1754 4715 1842 4785 Deo.
1886 4719 1955 4784 lam
1976 4720 2177 4786 accedemus
2199 4719 2242 4785 ad
2270 4716 2415 4787 alteram
2436 4738 2481 4785 so

472 4807 563 4893 quod
584 4807 681 4892 pauci
708 4805 775 4869 sint
802 4804 934 4870 divites.
988 4800 1120 4870 Deinde
1147 4805 1237 4889 quod
1265 4813 1458 4877 contemne-⁹
1507 4804 1677 4872 lotionem.
1721 4804 1758 4870 ln
1782 4807 1936 4872 omnibus
1959 4805 2057 4870 dictis
2079 4807 2122 4871 de
2143 4807 2242 4872 bonis
2262 4809 2481 4892 operibusast

471 4915 557 4972 mur,
578 4894 677 4958 etiam
698 4891 835 4970 scimus,
856 4892 926 4957 ond
943 4893 1023 4957 darc
1045 4894 1107 4957 atei
1122 4894 1282 4972 petentis,
1314 4892 1384 4956 tmd
1399 4906 1483 5006 pap
1507 4890 1741 4980 synecdoche.

472 4985 554 5047 wirr
574 4981 680 5045 ander
700 4999 763 5046 rtna
783 4997 851 5062 sep,
878 4979 941 5044 das
960 4981 1061 5045 seben
1088 4983 1150 5044 teir
1170 4979 1263 5043 mot
1307 4974 1373 5050 Qui
1394 4975 1454 5127 ipi-

472 5076 526 5132 tur
546 5064 648 5131 habet
669 5064 813 5131 aninmm
841 5076 993 5148 paratum
1026 5064 1070 5129 ad
1101 5060 1273 5128 ferendum
1305 5058 1379 5141 illa,
1434 5081 1455 5126 e
1690 5121 1699 5139 ,
1807 5121 1815 5141 ,
1862 5121 1871 5139 ,
2301 5122 2349 5141 ..

474 5153 593 5237 quihus
616 5149 670 5214 hic
693 5151 827 5229 dicitur,
857 5147 914 5215 ille
937 5162 991 5215 est
1011 5151 1139 5216 beatur.
1195 5146 1389 5217 Transiertc
1409 5147 1453 5212 ad
1506 5121 1644 5226 Quare
1687 5150 1729 5205 111
1775 5122 1894 5205 dicllss
1939 5123 1992 5204 de
2032 5122 2117 5206 fide
2154 5150 2238 5204 110ss
2268 5121 2371 5207 (lucis
2401 5145 2478 5206 ebbe

472 5257 537 5304 vos
569 5240 679 5320 ipsos,
720 5247 799 5301 tunc
836 5233 955 5302 melius
994 5233 1196 5322 intelligetis.
1257 5234 1293 5300 ln
1328 5234 1454 5300 nostris
1831 5239 2154 5353 synecdochen?

473 5322 635 5407 exemplis
653 5323 763 5387 omnia
779 5334 858 5388 sunt
874 5320 1067 5402 illustriora,
1090 5343 1188 5409 quam
1205 5323 1239 5387 in
1257 5320 1454 5409 peregrinis.

472 5407 677 5477 lileditamini
710 5405 811 5473 hodie
846 5421 980 5474 vestras
1015 5410 1192 5486 miserias,¹
1224 5421 1259 5475 et
1296 5407 1455 5495 opponite
1592 5406 1679 5481 Quia
1701 5417 1833 5493 oportet
1866 5428 2000 5494 semper
2026 5405 2224 5495 praelucere
2255 5404 2350 5474 illam
2379 5406 2479 5482 iidem,

472 5496 561 5563 hanc
585 5490 865 5559 consolationem:
898 5493 1104 5580 Quamquam
1134 5497 1231 5560 etiam
1259 5495 1302 5559 ad
1324 5494 1454 5559 univer·
1506 5514 1573 5580 qua
1593 5493 1875 5580 apprehendimus
1896 5492 2023 5575 Deum,
2054 5505 2088 5560 at
2116 5495 2349 5561 remissionem
2368 5513 2479 5580 pecca·

472 5604 545 5651 sant
567 5579 754 5650 Ecclesiam
777 5581 930 5664 pertinet,
951 5592 1062 5646 tamen
1087 5578 1173 5646 haec
1194 5600 1287 5667 pars,
1314 5582 1454 5668 quaein
1505 5592 1628 5658 torum,
1650 5593 1788 5667 propter
1808 5576 1911 5647 filium
1933 5578 2010 5662 Dei,
2032 5591 2070 5648 ut
2079 5578 2256 5667 Euagorae
2273 5581 2371 5648 dicit:
2390 5575 2480 5645 Multi

473 5671 626 5738 docendo
659 5678 692 5734 ct
731 5665 892 5733 discenda
925 5678 1088 5757 occupata
1111 5676 1181 5747 est,
1214 5668 1322 5756 magis
1356 5666 1456 5734 sentit
1478 5723 1481 5730 .
1505 5686 1560 5733 me
1580 5665 1874 5753 reprehenderunt.
