5934 6709
481 722 548 789 179

481 928 637 977 ramnes:
656 909 724 974 Sed
739 918 773 972 et
794 908 849 970 det
876 912 1008 970 ammam
1042 930 1129 971 ιιιαιιι
1156 909 1270 996 le‘rpor.
1314 909 1362 974 lbi
1382 906 1465 975 facit

483 997 661 1063 discrimen
684 997 769 1060 inter
790 1014 883 1060 suam
906 995 1108 1079 passionem,
1130 1007 1164 1061 et
1184 995 1308 1074 hebbi,
1330 1007 1363 1061 et
1383 992 1465 1062 alio·

482 1104 556 1149 rum
577 1095 780 1148 sanctorum.

568 1167 709 1230 Potestis
727 1166 856 1229 calicem
877 1167 1018 1249 biberel]
1047 1168 1080 1232 id
1103 1180 1167 1247 est,
1190 1187 1252 1233 vos
1275 1188 1342 1233 non
1365 1169 1464 1234 susti·

480 1255 600 1319 nebitis
622 1253 690 1320 boc
711 1275 809 1334 onus,
828 1254 918 1339 quod
951 1273 1016 1342 ego
1034 1254 1193 1320 sustineo.
1238 1253 1375 1320 Etiamsi
1406 1274 1464 1339 pe·

480 1341 608 1406 tietuini
630 1352 795 1426 tamquam
817 1338 978 1425 μάρτυρες,
997 1351 1106 1406 tamen
1129 1351 1245 1406 vestra
1257 1342 1373 1426 passio
1396 1360 1463 1406 nou

482 1428 544 1492 erit
560 1425 673 1510 λύτρον.

603 1686 716 1789 Quot
746 1699 841 1771 sunt
869 1714 1022 1798 genera
1052 1687 1344 1773 afflictionum?

567 1921 730 1994 Quatuor.
755 1922 785 1985 l.
813 1921 969 2008 eapropter,
991 1941 1078 1983 wean
1112 1927 1196 1984 einer
1226 1921 1366 2005 periclen
1398 1922 1465 2002 lot,

480 2007 532 2070 sol
550 2029 621 2069 mon
642 2008 695 2071 ibn
721 2006 868 2072 amcam.
913 2007 970 2074 Sic
998 2006 1128 2087 Dauid,
1150 2031 1223 2074 eum
1247 2010 1355 2093 rapuit
1383 2005 1464 2073 alte·

479 2098 549 2161 rius
583 2095 777 2197 coniugem,
811 2094 943 2179 punitur
982 2095 1176 2160 domesticis
1209 2091 1463 2160 calamitatibus.

482 2177 770 2265 Recens-quidam
793 2180 922 2245 iuvenis
943 2192 1061 2264 pastor
1077 2181 1110 2245 in
1134 2201 1233 2267 pago,
1257 2179 1464 2246 vicinoVra·

479 2264 647 2343 tislavine,
668 2263 782 2330 babuit
811 2266 999 2353 coniugem,
1030 2268 1139 2352 coepit
1168 2268 1269 2332 aliam
1299 2267 1465 2352 quandam

479 2372 612 2429 amare,
640 2361 672 2415 et
693 2351 784 2416 dedit
806 2352 939 2439 coniugi
962 2372 1138 2418 venenum.
1181 2351 1312 2419 Deinde
1335 2363 1387 2418 est
1408 2354 1465 2419 im·

479 2440 611 2522 positus
633 2449 739 2514 rotae,
762 2448 795 2502 et
816 2458 892 2502 eum
911 2439 1000 2503 bona
1016 2439 1218 2524 poenitentia
1240 2440 1358 2504 dicitur
1380 2461 1465 2505 mor·

478 2535 557 2590 tuns
581 2542 665 2588 esse.
710 2522 802 2589 Dent
824 2520 895 2589 vult
917 2544 995 2590 csse
1017 2521 1108 2590 illam
1131 2537 1300 2591 externam
1323 2546 1465 2610 poenam

479 2631 568 2697 quae
591 2620 643 2674 est
664 2619 808 2696 τιμωρία.

564 2695 596 2758 2.
620 2692 796 2776 δοκιμασία,
817 2707 853 2760 ut
875 2698 1009 2781 quando
1032 2694 1156 2782 loseph
1184 2699 1318 2782 ponitur
1338 2699 1371 2763 iu
1395 2718 1466 2763 ear·

480 2799 593 2846 cerem
615 2793 749 2866 praeter
770 2783 932 2848 meritum.

565 2865 595 2932 3.
624 2866 804 2954 peperimus,
837 2880 874 2933 ut
901 2886 993 2933 nrors
1025 2867 1182 2933 lobannis
1209 2869 1381 2955 Baptistae
1413 2881 1467 2934 est

478 2954 715 3033 testimonium,
747 2954 838 3040 quod
871 2964 968 3019 recte
1001 2953 1162 3020 docuerit.
1221 2954 1319 3020 blora
1352 2954 1466 3021 iacobi

478 3050 530 3104 est
552 3040 786 3117 testimonium,
810 3040 900 3125 (prad
915 3060 992 3105 vere
1034 3042 1159 3107 enserit
1179 3040 1269 3107 bane
1281 3042 1466 3107 doctrinam

411 3170 422 3180 -
477 3121 652 3190 Ecclesiae
674 3127 716 3192 de
739 3124 875 3191 Christo
898 3146 1011 3192 veram
1033 3146 1127 3202 essm
1149 3129 1338 3214 quiabomo
1360 3147 1463 3194 sanus

476 3230 544 3277 non
568 3207 639 3277 vult
661 3213 744 3278 mori
766 3224 904 3298 propter
923 3209 1070 3279 fabulam
1093 3215 1365 3280 commenticiam.

562 3299 592 3363 4.
618 3295 734 3364 Genus
758 3310 810 3363 est
832 3297 948 3386 λύτρον,
969 3300 1111 3384 pretium
1133 3320 1195 3387 pro
1217 3302 1327 3366 nobis.

563 3383 614 3450 lta
631 3382 763 3450 lrabetis
781 3385 814 3449 iu
835 3383 902 3452 bac
923 3383 1065 3451 historia
1088 3386 1276 3472 exemplum
1297 3384 1464 3452 infirmita·

476 3471 519 3536 tis
542 3482 757 3549 sanctorum,
779 3483 812 3535 et
835 3470 1100 3538 conciliationem
1122 3472 1299 3539 dictorum:
1325 3471 1399 3555 Epo
1423 3475 1465 3534 si·

477 3562 542 3618 tom
556 3564 715 3621 oeternum
737 3557 854 3629 dosis,
877 3568 922 3633 et,
934 3557 1025 3618 Dore
1045 3557 1152 3619 sedere
1169 3559 1214 3619 od
1235 3559 1397 3621 weram
1417 3558 1469 3624 eet

477 3644 649 3716 anismam,
672 3664 735 3706 non
758 3650 815 3715 est,
844 3663 949 3717 marm,
978 3640 1108 3709 scilicet
1134 3644 1169 3709 in
1190 3641 1255 3709 bac
1276 3643 1466 3725 vocatione,

478 3728 605 3794 etdare
615 3726 759 3794 bumana
770 3730 980 3809 auctoritate,
1001 3750 1069 3795 nen
1081 3742 1132 3795 est
1143 3750 1262 3797 meum.
1286 3729 1410 3812 Tertio,
1423 3732 1466 3797 de

480 3814 668 3879 discrimine
681 3814 810 3899 imperii
823 3813 1018 3902 Evangelici
1030 3827 1063 3880 et
1072 3817 1251 3902 potestatis
1272 3814 1437 3902 politicae

356 4100 360 4111 .
479 4036 541 4102 EX
562 4035 832 4103 Retesouus
857 4036 1065 4103 ALARlUM
1098 4036 1467 4106 EXPLIGATIONUM

795 4156 1153 4225 PlilLlPl’lCARUM.

719 4371 836 4476 Quae
869 4374 1114 4456 constructio
1146 4373 1238 4459 esti

569 4536 678 4617 lienes
695 4538 840 4617 nentium
850 4541 1056 4604 demerenda
1071 4539 1204 4606 emam?
1225 4538 1301 4604 Non
1313 4552 1366 4607 est
1387 4561 1467 4606 con·

482 4643 565 4710 grua
584 4623 799 4688 constructio.
844 4623 999 4690 Debebut
1021 4645 1115 4691 esse:
1138 4628 1347 4693 dominemur
1366 4628 1465 4710 ipsis:

481 4712 514 4778 td
537 4721 600 4787 est,
622 4721 736 4773 tenent
756 4710 892 4792 imperia
914 4711 946 4774 in
969 4713 1136 4797 gentibus.
1162 4712 1255 4778 Venit
1272 4715 1467 4794 rainistrarr]

485 4807 537 4861 est
560 4794 750 4861 Soloecum.
792 4863 796 4868 ,

570 4883 698 4969 trimae]
763 4881 922 4961 Pretium,
967 4904 1033 4969 quo
1083 4885 1235 4970 captivus
1284 4885 1467 4965 redimitur,

484 4967 646 5047 Rontzmr,
666 4969 701 5034 id
724 4980 787 5048 est,
812 4969 1005 5054 redemptio.
1049 4968 1112 5036 Est
1135 4970 1300 5058 Syncepe.

486 5233 705 5334 Quomodo
756 5234 881 5318 Arma
926 5237 1059 5346 potuit
1113 5264 1201 5320 esse
1247 5266 1350 5319 uxor
1395 5235 1454 5319 Eli

567 5416 660 5470 cum
691 5384 813 5471 suerit
849 5389 914 5473 illa
951 5419 1006 5473 ex
1035 5392 1143 5476 tribu
1175 5385 1386 5484 Leviticai

1455 5307 1467 5344 5

1119 720 1229 786 PlllL.
1253 719 1357 786 MEL.
1381 718 1570 786 scatere
1592 717 1858 785 exterentes.

1516 909 1700 974 miscebant
1738 908 1911 996 coniugiaa
1955 904 2040 972 aliae
2084 901 2228 971 familiae
2266 923 2333 970 non
2379 905 2500 973 misce·

1516 996 1606 1060 bant.

1601 1078 1732 1146 Caussa
1754 1081 1920 1165 petitionis
1942 1076 2097 1145 Salamas
2109 1078 2152 1142 ad
2163 1073 2333 1142 Christum
2344 1089 2408 1157 est,
2420 1079 2499 1183 qula

1515 1163 1680 1231 fascinata
1712 1165 1813 1231 stulta
1846 1167 2064 1250 persuasione
2094 1165 2136 1228 de
2169 1161 2309 1248 imperio
2340 1161 2499 1245 Messias,

1515 1254 1630 1318 metuit
1658 1249 1880 1318 aemulatione
1912 1249 2076 1332 muliebri,
2109 1271 2151 1316 ne
2184 1250 2289 1315 biario
2318 1261 2500 1317 matertera

1516 1336 1641 1404 Christi
1680 1336 1897 1404 excellentior
1930 1339 2049 1404 virtute
2080 1338 2309 1422 praeveniret,
2349 1350 2408 1402 aut
2440 1332 2500 1402 tilii

1515 1426 1610 1490 istius
1642 1422 1896 1489 anteferrentur.
1942 1425 2087 1513 ringitur
2115 1424 2315 1488 ambitione:
2345 1424 2407 1488 sed
2430 1444 2500 1490 non

1514 1512 1588 1596 ipsa
1610 1508 1685 1576 sola
1706 1509 1772 1575 boc
1791 1512 1869 1576 vitio
1893 1510 2039 1576 laborat:
2075 1509 2181 1573 Omnis
2213 1530 2290 1572 erere
2310 1511 2402 1589 viris,
2428 1516 2500 1575 ster

1516 1605 1595 1659 esset
1627 1596 1859 1677 Induperotor,
1898 1597 2003 1683 lnquit
2035 1596 2172 1661 Ennius·
2237 1594 2367 1661 Ardent
2398 1596 2500 1661 animi

1515 1684 1658 1749 omnium
1683 1683 1861 1768 cupiditate
1883 1684 2033 1749 dominii:
2068 1682 2209 1765 θεαιρει
2240 1688 2408 1744 extremum
2430 1700 2499 1743 sco·
2542 1722 2548 1731 -

1515 1769 1597 1845 ὀίω,
1618 1768 1695 1830 mibi
1716 1776 1807 1852 turpe
1838 1766 1973 1852 cedrique·
2004 1777 2060 1831 est.
2105 1767 2211 1830 Anici
2242 1767 2395 1829 heminton
2425 1774 2500 1831 seat

1515 1856 1610 1937 iperet,
1632 1857 1738 1941 inquit
1759 1856 1904 1921 Seneca:
1926 1857 2002 1921 ideo
2025 1875 2159 1920 sursum
2179 1855 2328 1920 tendunt.
2351 1853 2496 1943 syrach:

1517 1940 1625 2003 Onmis
1640 1940 1771 2023 peceati
1791 1944 1913 2004 initium
1934 1942 2088 2024 superbio.
2111 1938 2173 2006 Est
2195 1939 2414 2026 tiludvirimu,
2429 1962 2498 2029 quo

1515 2041 1673 2114 superata
1695 2037 1748 2093 est
1768 2026 1854 2093 Eva:
1873 2027 1975 2091 Eritis
1995 2033 2078 2091 deut
2098 2029 2159 2093 dii.

1517 2392 1598 2497 Qui
1629 2396 1913 2479 successissent
1927 2393 2100 2501 Christo,
2130 2395 2164 2478 si
2192 2393 2403 2479 habuisset
2422 2420 2498 2508 po-

1768 2551 1938 2634 tentiam
1968 2549 2247 2634 mundanam?

1605 2749 1815 2836 Respondeo.
1854 2747 1986 2836 Regula
2008 2747 2322 2817 iurisconsultorum
2345 2762 2412 2815 est:
2435 2746 2497 2831 Δρ·

1517 2838 1588 2897 noti
1603 2837 1799 2917 praecederat
1831 2839 1864 2897 in
1892 2857 1989 2918 repno
2043 2834 2164 2923 loseph
2197 2836 2331 2902 babitus
2364 2848 2429 2913 est,
2462 2845 2500 2901 ut

1517 2932 1622 3006 pater.
1666 2925 1743 2988 ideo
1771 2923 1838 2989 ista
1855 2920 1972 2989 mulier
2000 2924 2090 3010 cupit
2117 2934 2326 2989 antevertere
2346 2920 2499 2999 Mariam,

1516 3007 1586 3069 will
1614 3008 1667 3070 dic
1702 3009 1821 3071 andern
1852 3016 2031 3091 wepstoscn.
2083 3006 2212 3097 Singuli
2240 3006 2408 3073 babemus
2434 3008 2498 3073 bas

1516 3092 1724 3161 affectiones.
1780 3094 1844 3169 Qui
1867 3094 1969 3161 velint
1990 3116 2148 3162 coronam
2169 3094 2211 3161 de
2232 3113 2294 3159 suo
2317 3092 2417 3178 capiti
2439 3094 2497 3157 de·

1515 3201 1655 3331 penlpre,
1677 3178 1787 3247 etalii
1809 3183 1990 3266 imponere,
2024 3201 2091 3246 non
2113 3176 2204 3248 multi
2233 3176 2358 3245 fuciunt
2389 3188 2426 3244 ut
2446 3180 2496 3244 lo·

1516 3279 1573 3332 nat
1597 3287 1647 3333 as.

1604 3389 1719 3451 dunen
1740 3396 1772 3451 et
1794 3409 1869 3469 opes
1890 3396 1921 3452 et
1942 3410 2018 3450 cosa
2035 3389 2183 3472 [iepram
2203 3388 2333 3449 mucce
2355 3386 2482 3456 mniees,

1604 3474 1669 3555 Qui
1689 3474 1763 3537 uelit
1786 3477 1913 3556 impertio
1936 3476 2055 3547 cedere,
2078 3496 2172 3537 rurus
2193 3476 2265 3538 erte.

1604 3606 1710 3677 biulto
1731 3613 1838 3696 magis
1860 3632 1957 3678 rarus
1981 3614 2054 3690 erit,
2078 3614 2134 3699 qui
2156 3609 2237 3677 velit
2247 3628 2353 3698 regno
2366 3608 2497 3673 cedere

1517 3698 1584 3763 ista
1606 3695 1677 3762 vult
1699 3698 1803 3762 videri
1826 3698 1918 3782 prior
1940 3718 2037 3763 esse:
2061 3694 2252 3776 Contendit,
2275 3713 2410 3783 quoquo
2430 3710 2498 3757 nro·

1518 3783 1561 3848 do
1584 3794 1707 3866 potest.
1753 3782 1878 3848 Omnes
1896 3785 1941 3850 ita
1973 3786 2161 3871 ineptimus,
2194 3781 2349 3851 volumus
2379 3778 2500 3844 sedere

1518 3869 1562 3933 ad
1584 3870 1746 3947 dextram,
1770 3869 1889 3948 idest,
1912 3870 2021 3932 wellen
2041 3893 2135 3953 prose
2165 3870 2260 3933 derra
2285 3871 2361 3931 sein.
2403 3862 2501 3930 bem

1519 3955 1728 4019 ambitionem
1751 3957 1853 4041 punit,
1877 3969 1909 4021 et
1931 3959 2097 4043 prulribet‚
2121 3968 2158 4023 ut
2178 3957 2314 4023 diuitum
2341 3953 2429 4016 Deru
2449 3968 2502 4013 su·

1517 4040 1624 4121 perdis
1640 4043 1769 4104 resistit.
1814 4040 1950 4109 Selome
1973 4043 2039 4105 etti
2058 4042 2132 4106 uber
2158 4042 2238 4122 ιίοΙι,
2261 4062 2336 4109 eum
2357 4060 2426 4105 non
2453 4036 2503 4103 ln·

1520 4125 1649 4213 telligat
1670 4130 1926 4279 magnitudinem
1947 4132 2078 4210 oneris,
2102 4127 2237 4196 etfacit
2259 4129 2325 4195 boc
2347 4128 2422 4193 aine
2440 4142 2502 4189 vo·

1519 4214 1660 4278 catione.
1745 4228 1777 4279 st
1810 4234 1930 4280 crassa
1958 4218 2132 4303 superbia,
2159 4230 2253 4283 extra
2281 4215 2502 4281 vocationem·

1519 4319 1705 4386 erumpere,
1746 4302 1901 4388 ingerere
1941 4321 1992 4380 sc,
2040 4303 2116 4365 eber
2150 4302 2218 4368 siclt
2257 4300 2378 4379 wellen,
2424 4314 2503 4364 cum

1520 4404 1587 4451 non
1631 4390 1679 4451 sis
1723 4401 1874 4454 vocatus.
1953 4386 2113 4475 Exempla
2178 4390 2362 4456 eommunis
2412 4384 2504 4451 vitae

1520 4475 1712 4551 ostendunt,
1736 4495 1833 4561 quam
1854 4473 1952 4540 facile
1975 4479 2122 4542 oriantur
2154 4472 2392 4542 aemulationes
2413 4472 2504 4537 inter

1519 4571 1741 4642 praestantes,
1764 4573 1797 4626 et
1819 4558 2021 4628 excellentes
2044 4564 2147 4628 viros.

1604 4694 1702 4757 Nullo
1720 4697 1800 4777 fidos
1820 4701 1912 4779 repm'
1933 4701 2046 4759 sociis:
2070 4703 2228 4783 omnisque
2246 4706 2401 4781 potestus,

1604 4783 1775 4863 Impatiens
1797 4787 1954 4846 consortis
1975 4788 2043 4848 erit.
2068 4822 2109 4832 -—
2132 4824 2172 4837 -

1605 4934 1717 5016 Terei,
1746 4938 1879 5022 quando
1913 4936 2033 5026 aliquis
2067 4942 2192 5009 crescit
2224 4961 2266 5007 ex
2299 4939 2430 5017 Bessis,
2467 4950 2507 5005 ut

1518 5019 1585 5098 ille,
1603 5024 1658 5108 qui
1681 5024 1812 5088 obsedit
1834 5024 2009 5107 Viennam,
2049 5050 2115 5094 non
2145 5028 2312 5113 patiuntur
2334 5046 2410 5093 eum
2445 5026 2506 5091 (liu

1520 5129 1596 5173 esse
1617 5111 1841 5193 superstitem.
1896 5112 1953 5179 Sic
1976 5112 2128 5180 aemulati
2150 5126 2229 5179 suut
2249 5115 2336 5179 inter
2350 5131 2391 5178 se
2412 5109 2444 5177 C
2468 5132 2507 5179 a«

1519 5216 1619 5260 xares
1652 5209 1685 5262 et
1708 5195 1836 5283 Cyrus3
1867 5197 2029 5265 Ronmius
2059 5213 2092 5266 ct
2121 5199 2255 5266 Remus,
2298 5203 2357 5261 wir

1521 5280 1583 5343 olle
1605 5281 1673 5344 also
1712 5283 1821 5363 Ιιίιιαιι,
1853 5297 1890 5350 ut
1911 5285 2076 5353 Homerus
2109 5287 2226 5373 inquit:
2256 5286 2385 5369 Semper
2417 5293 2506 5349 csse

1522 5368 1642 5441 cellere,
1663 5377 1694 5431 et
1711 5391 1778 5434 esse
1796 5375 2044 5451 praeeuntium
2064 5374 2147 5446 aliis,
2174 5369 2305 5440 scilicet
2332 5374 2507 5459 opinione,

1523 5476 1590 5522 non
1613 5457 1744 5536 virtute,
1766 5459 1855 5543 quud
1877 5457 2011 5525 stultum
2034 5475 2093 5526 est.
2125 5461 2194 5524 Ista
2217 5461 2375 5546 superbie
2396 5478 2507 5546 saepe

1057 5590 1059 5595 .
1428 5592 1431 5599 .
1524 5541 1786 5626 reprehenditur.
1836 5544 1895 5606 leb
1917 5546 2018 5617 bulte,
2046 5568 2137 5609 auser
2153 5544 2268 5612 Keiser
2287 5547 2344 5611 iet
2366 5547 2422 5612 die
2439 5546 2508 5613 last

594 5620 809 5709 Respondeo.
861 5621 1087 5691 sacerdotalis
1132 5640 1165 5692 et
1213 5629 1307 5714 regie
1348 5625 1474 5695 familia

1523 5631 1648 5694 asciret
1667 5632 1724 5691 mit
1749 5630 1820 5694 den
1841 5628 1941 5698 Plus
1972 5631 2103 5707 ultre3
2137 5635 2217 5718 quia
2246 5633 2308 5701 luit
2339 5630 2507 5711 tremere,
