5934 6709
458 632 526 701 elo
1092 630 1206 699 Plllb.
1228 629 1333 699 MEL.
1356 632 1546 703 SCRIPTA
1565 630 1834 707 EXEGE'l'lOA.
2068 655 2071 661 ·
2215 618 2219 623 ’
2406 628 2474 699 alo

518 829 686 912 Licetne
717 828 919 913 Ecclesiae
958 831 1111 913 habere
1141 826 1379 941 pecuniami
1462 827 1562 930 'fw-
1604 822 1716 930 ,litut
1750 824 1818 905 Qus·
1847 822 2055 942 &effudisse
2086 823 2293 942 moui,
2327 832 2391 885 eto.
2435 818 2484 885 lo

1491 930 1563 976 mre
1585 908 1672 976 crrrlr
1694 922 1747 975 est
1767 910 2003 977 honestissima
2028 905 2085 973 rlla
2105 907 2177 972 lex.
2200 908 2278 973 Non
2304 907 2398 972 debet
2418 907 2476 971 da·

544 1009 605 1076 lta.
648 1010 791 1076 Contra:
1491 998 1570 1061 duci
1587 999 1622 1060 iu
1642 996 1845 1062 leumiim
1865 996 1966 1075 illaad,
1994 994 2084 1080 quod
2109 994 2157 1061 uel
2183 994 2295 1059 staua
2321 995 2476 1059 eoactum

545 1096 658 1163 Nolite
683 1098 818 1162 solliciti
847 1116 917 1163 aare
949 1098 990 1163 de
1011 1099 1168 1163 erasum.
1211 1096 1308 1162 item:
1341 1094 1443 1163 Βωα
1491 1092 1556 1149 ast:
1577 1084 1654 1169 quia
1676 1084 1787 1149 studia
1809 1083 1958 1148 serviunt
1978 1079 2135 1167 publicae
2158 1078 2299 1146 utilitati.

463 1330 468 1337 .
543 1201 819 1374 Ergiupleireislesa'a
856 1270 900 1334 sit
935 1270 1161 1354 pmapercula,
1203 1287 1268 1334 non
1307 1268 1440 1351 oollipct

584 1374 752 1527 {mm
980 1510 989 1528 .
1489 1415 1697 1498 Debuitne
1749 1414 1991 1497 Laurentius
2044 1414 2206 1497 tradere
2260 1414 2476 1497 thesauros

542 1506 688 1575 lulianus
708 1510 741 1574 in
765 1511 906 1596 quadarn
928 1506 1081 1595 Epistola
1107 1510 1242 1575 mandat
1263 1503 1436 1659 praefecto

456 1595 586 1661 cuidam
608 1598 642 1660 in
663 1595 774 1684 Syria,
797 1607 833 1661 ut
853 1592 984 1661 auferat
1005 1597 1179 1681 pecuniam
1200 1596 1244 1661 ab
1298 1592 1438 1669 eclesia;
1728 1567 1930 1652 Ecclesiae
1960 1565 2233 1680 Imperatori?

456 1683 544 1767 quia,
566 1681 689 1767 inquit,
720 1683 786 1769 ipsi
817 1683 942 1748 habent
971 1683 1004 1748 in
1033 1702 1095 1748 sua
1119 1679 1209 1769 lage:
1241 1680 1341 1747 Beati
1353 1700 1438 1766 part·

451 1788 564 1872 parag
589 1775 746 1915 'quantam
777 1774 888 1873 folium
920 1778 970 1834 est
999 1788 1134 1850 rapacem
1171 1772 1339 1836 coelerum·
1391 1765 1438 1871 Iit
1575 1782 1787 1869 Respondffl,
1839 1783 1928 1851 Non,
1976 1782 2112 1852 com
2168 1783 2287 1850 Omra
2307 1791 2383 1850 ,w
2412 1782 2476 1851 1,

454 1865 556 1939 igitur
587 1851 720 1920 rlorum
757 1865 801 1919 srt
833 1876 973 1942 regnum
1002 1852 1189 1934 caelorum,
1227 1854 1308 1919 dent
1338 1854 1436 1919 uobrs
1617 1873 1806 1955 peram-133

453 1941 553 2005 istam
574 1942 758 2025 pecuniam.
808 1940 928 2006 Exstat
955 1940 1022 2006 boc
1044 1940 1079 2005 in
1099 1938 1260 2027 Epistolis
1283 1939 1436 2006 Graecis.
1574 1957 1665 2042 &90
1686 1958 1784 2022 ,epam
1803 1956 1857 2021 ,w
1875 1955 2044 2023 mmm
2082 1956 2143 2039 Et,
2173 1975 2239 2041 pe,-
2267 1975 2474 2043 mmm,

453 2022 530 2091 Fuit
563 2029 778 2103 Sareasmus3
821 2026 1007 2094 Auferebat
1038 2024 1203 2093 Ecclesiis
1237 2026 1436 2092 donationes
1618 2043 1733 2109 ,pamla
1749 2038 1819 2124 fust
1838 2045 1987 2129 pacm,

455 2108 680 2193 Constantini,
702 2124 735 2179 at
756 2112 866 2180 adhuc
894 2113 1051 2178 irridebat
1074 2132 1146 2179 eos.
1190 2111 1286 2179 llunc
1308 2112 1436 2176 imitan-

454 2208 509 2262 tur
541 2211 659 2265 nostro
693 2213 841 2265 temore
873 2201 1134 2287 gubernatores,
1173 2199 1230 2285 qui
1262 2195 1437 2263 Ecclesiae
1573 2197 1789 2283 Respondeo.
1832 2196 1927 2264 Deus
1956 2198 2068 2261 sanxit
2097 2195 2343 2263 distinctionem
2371 2196 2476 2264 domi·

453 2283 605 2350 bonoad
633 2305 673 2349 se
705 2221 859 2365 trallunt,
891 2297 924 2352 et
945 2287 1057 2351 sinunt
1080 2285 1228 2364 esurire,
1261 2305 1303 2350 ac
1336 2303 1437 2371 agere
1488 2286 1629 2366 nicrum,
1651 2295 1685 2350 at
1706 2304 1774 2350 non
1796 2280 1868 2349 vult
1890 2283 2000 2349 omnia
2023 2302 2102 2348 asse
2131 2283 2349 2350 dominomm·
2404 2282 2477 2351 seo

453 2380 624 2454 pastorum
646 2366 800 2437 familias.
843 2371 893 2438 lta
908 2370 1036 2438 Decius
1058 2369 1125 2437 hoe
1146 2371 1280 2457 agebat,
1302 2381 1339 2436 ut
1359 2371 1437 2435 sub·
1488 2393 1549 2437 cur
1571 2372 1784 2438 dictumest:
1809 2369 1929 2435 Omnia
1948 2377 2024 2435 saort
2045 2367 2281 2454 imperotores?
2322 2366 2385 2434 llla
2405 2388 2476 2437 vox

453 2457 572 2521 tractis
595 2459 720 2537 nervis,
742 2479 809 2524 non
828 2468 968 2542 possent
989 2456 1034 2523 ali
1058 2455 1217 2536 scholae,
1246 2469 1280 2521 et
1294 2457 1437 2523 ministri
1487 2468 1542 2524 est
1562 2469 1637 2525 orta
1658 2457 1702 2522 ab
1724 2452 1957 2522 adulatoribus
1978 2452 2110 2536 aulicis,
2132 2466 2166 2521 at
2186 2457 2232 2520 ad
2253 2452 2349 2521 illam
2370 2474 2475 2523 exen-

453 2561 495 2606 ae
517 2545 772 2628 gubernatores.
816 2542 928 2623 Nulla,
956 2545 1167 2631 quantumvis
1188 2552 1295 2630 parva
1317 2545 1437 2630 guber·
1487 2544 1646 2622 sendum,
1681 2543 1733 2609 sio
1753 2543 1867 2609 dieunt
1887 2539 2138 2608 Iurisconsulti:
2169 2540 2288 2609 Omnia
2313 2549 2391 2609 mci
2410 2542 2475 2607 In·

372 2687 374 2693 .
453 2630 557 2707 natio,
580 2641 692 2714 potest
727 2649 843 2697 carere
866 2631 1019 2717 pecunia.
1071 2628 1177 2695 blulta
1203 2630 1245 2695 im
1271 2631 1438 2709 adiuntur,
1486 2639 1695 2718 pactorum,
1722 2624 1866 2695 scilicet:
1900 2628 1991 2715 quod
2018 2629 2061 2692 ad
2095 2624 2326 2694 defensionem
2346 2628 2475 2695 attinet.

453 2716 587 2798 quando
621 2716 715 2781 deest
746 2717 904 2802 pecunia3
936 2716 1010 2781 sine
1038 2717 1180 2802 pecunia
1210 2650 1292 2781 nili}
1324 2724 1437 2801 potest
1487 2714 1608 2784 illelius
1636 2726 1690 2781 est
1711 2715 1837 2780 dicae:
1871 2712 1992 2780 Omnia
2017 2721 2093 2779 aaut
2112 2713 2229 2799 Rapis,
2261 2716 2346 2780 εἰαιῑ
2366 2716 2477 2783 munia

453 2811 546 2867 recte
575 2802 658 2888 geri.
713 2801 841 2868 Decius
873 2800 979 2869 voluit
1012 2801 1211 2869 subtrahere
1232 2822 1371 2882 nervos,
1400 2811 1437 2867 ut
1486 2812 1561 2870 aaut
1582 2802 1672 2887 eqo.
1727 2798 1800 2867 Lex
1822 2801 1995 2887 distinguit
2016 2801 2256 2887 proprietates,
2289 2811 2324 2866 et
2351 2811 2476 2883 mmen,

453 2882 580 2951 faceret
600 2889 789 2954 vastitatem
810 2889 843 2954 iu
865 2886 1030 2955 Ecclesia.
1487 2889 1623 2975 quando
1645 2906 1731 2971 opus
1753 2900 1807 2951 est
1828 2883 2041 2965 defensione,
2070 2881 2219 2952 defendit
2241 2887 2363 2968 omma,
2390 2897 2474 2953 tam·

539 2970 743 3058 Respondeo
770 2986 882 3041 autem
915 2976 958 3040 ad
990 2985 1241 3061 argumentum
1275 2972 1436 3039 Concedo
1488 2996 1589 3062 quam
1611 2973 1756 3058 propria·
1807 2973 1883 3039 Non
1906 2974 2007 3059 igitur
2033 2971 2227 3058 simpliciter
2256 2993 2373 3043 verum
2407 2984 2474 3053 est,

451 3055 640 3125 Ecclesiam
667 3080 745 3126 esse
777 3080 843 3146 pau
888 3059 1024 3128 reolum.
1078 3057 1133 3126 De
1165 3059 1257 3128 iacto
1289 3062 1336 3126 ita
1368 3072 1436 3125 est:
1511 3062 1580 3127 uod
1612 3060 1747 3125 dicitur:
1782 3058 1898 3126 Omnia
1929 3067 2007 3125 mant
2034 3062 2250 3144 Imperatoria
2277 3078 2336 3125 m
2363 3062 2471 3140 aaa.

451 3145 605 3212 sednon
634 3147 676 3212 da
708 3147 790 3213 iure.
880 3167 938 3211 era
970 3144 1125 3213 Ecclesia
1156 3145 1351 3232 plemmque
1383 3154 1438 3212 est
1487 3083 1670 3233 inperator
1698 3145 1830 3230 quidam
1864 3146 2053 3212 nominatur
2085 3145 2199 3211 mundi
2230 3144 2399 3211 domiuus:
2435 3154 2471 3211 at

451 3250 626 3316 oppressa.
665 3230 792 3299 Contra
811 3253 893 3298 varo
916 3233 1039 3299 erescit
1060 3229 1229 3318 opulentia
1248 3231 1338 3300 illius
1360 3250 1437 3300 eoe-
1488 3234 1623 3385 quando
1645 3230 1768 3318 aliquis
1788 3233 1885 3297 sedet
1907 3232 1942 3297 iu
1963 3231 2201 3309 arundinibus,
2229 3241 2341 3317 potest
2355 3226 2472 3297 faeere

451 3326 523 3395 tus;
562 3321 618 3405 qui
649 3317 753 3386 babet
783 3317 915 3386 titulum
946 3319 1138 3400 Ecclesiae,
1171 3332 1206 3387 et
1235 3332 1349 3386 tamen
1382 3327 1437 3385 est
1513 3317 1633 3399 stulas,
1655 3329 1819 3405 quotquot
1840 3316 1928 3399 vult,
1966 3317 2028 3384 sed
2048 3328 2160 3384 tamen
2180 3316 2276 3385 Deus
2296 3312 2370 3382 vult
2389 3334 2475 3383 essa

450 3416 648 3488 perseeutor
668 3425 772 3471 verae
793 3403 982 3487 Ecclesiae,
1002 3419 1039 3473 ut
1058 3407 1196 3486 videtis,
1229 3404 1347 3492 quales
1369 3406 1437 3471 sint
1488 3406 1746 3473 distinctionem.
1801 3409 1913 3472 Omnia
1928 3411 2006 3471 sumt
2035 3409 2177 3487 Rapum:
2216 3401 2347 3471 scilieet
2378 3412 2474 3469 corto

452 3510 535 3576 opes
558 3492 812 3578 Episcopomm.
862 3491 933 3558 Sed
953 3513 1022 3558 non
1048 3504 1162 3577 potest
1186 3503 1296 3559 tamen
1317 3490 1437 3558 Eccle·
1487 3494 1628 3573 ordine,
1672 3503 1842 3577 tamquam
1884 3490 2028 3571 iudicis,
2069 3488 2126 3558 sel
2162 3502 2334 3578 tamquam
2373 3486 2473 3576 legis.

451 3578 505 3641 sia
528 3597 645 3643 curere
661 3580 816 3643 omnibus
838 3579 997 3679 subsidiis
1019 3579 1062 3644 ad
1085 3579 1225 3646 victum:
1255 3580 1334 3665 quia
1353 3578 1436 3645 seri·
1489 3577 1633 3652 Quando
1654 3576 1697 3647 lis
1718 3589 1773 3683 ast
1792 3577 1899 3656 dere,
1920 3587 2001 3645 tunc
2017 3596 2075 3644 ras
2097 3574 2474 3682 esttamquamiudicm,

451 3666 1066 3837 Ptumllleslieniluigffimecifligfmllit
1084 3668 1437 3816 clqclcrloeqlqemm
1487 3661 2050 3837 qqqrqtuqquliegtrusquqqqgquqlqou
2062 3658 2474 3835 qqqcpqrnsqrcqqsffidoeil‘lq

452 3854 578 3921 synaa,
613 3835 644 3917 l,
666 3836 709 3901 ad
743 3832 883 3903 alendam
914 3838 1086 3903 ministros
1115 3833 1307 3925 Evangelii;
1338 3838 1372 3916 2,
1392 3837 1437 3903 ad
1488 3837 1623 3988 quaudo
1657 3831 1805 3901 defendit
1837 3837 2077 3921 possessiones
2116 3833 2304 3904 Ecclesiae.

452 3916 600 3987 fovenda
637 3922 768 4022 studiaa
811 3921 844 4002 3,
859 3923 920 4027 ,ad
958 3920 1185 4028 opitulandum
1206 3925 1435 4029 pauperibus.
1511 3924 1610 4027 ebant
1642 3940 1721 3987 essa
1749 3916 1946 3988 defensores
1970 3943 2166 4007 corporum,
2199 3934 2233 3989 et
2265 3942 2377 3987 rernm
2440 3940 2474 3987 e-

452 4005 1435 4244 gqquegffiqdulslqtlaatqaosfpr{toqlagqqrqqmqoqtsrprlrgossqqurlq,
1488 4006 1765 4160 clefflgeec'undum
1785 4105 2032 4179 argumentuma

452 4180 553 4265 gandi
568 4178 597 4245 E
611 4200 828 4266 cemosynas,
856 4183 954 4246 etiam
980 4182 1014 4246 in
1035 4179 1198 4248 Ecclesiis
1221 4183 1300 4248 novi
1319 4180 1436 4247 Tasta·
1616 4214 1706 4278 pm,
1727 4214 1793 4279 dm,
1813 4215 1902 4279 mah,
1922 4216 2027 4279 mim
2048 4222 2097 4279 επ
2118 4213 2335 4298 deum,

451 4265 1436 4438 titiis?iiitiutbittttitcilitiis-:lt
1618 4302 1977 4454 “titulati'‘
2011 4308 2060 4366 ⁰⁸⁸
2080 4301 2185 4365 n...
2215 4302 2345 4380 ...n
2376 4318 2476 4385 Μ’

452 4436 621 4527 signifieat
643 4437 866 4505 collationem.
922 4439 966 4505 Et
998 4438 1141 4507 collecta
1168 4441 1288 4507 dicitur
1316 4461 1359 4506 ax
1380 4462 1434 4520 eo,
1616 4474 1706 4560 &9⁰
1744 4474 1946 4539 Lamum,
1978 4473 2089 4539 debus,
2118 4473 2320 4558 hyemem·
2358 4474 2476 4539 ceam

451 4524 542 4676 quod
564 4523 808 4611 colligebantur
823 4523 1077 4615 Eleemosynae.
1111 4527 1169 4592 Sic
1191 4526 1307 4633 ripoinus
1324 4527 1434 4594 dietae
1658 4561 1769 4644 potin,
1789 4560 1831 4625 de
1851 4561 2005 4643 musa,
2040 4579 2137 4644 quam
2157 4560 2299 4626 irritare
2325 4580 2396 4625 em
2424 4558 2475 4626 aa

467 4622 585 4676 uemnt
606 4608 862 4697 Eleemosynae,
896 4610 1040 4679 collatae
1072 4633 1115 4678 ax
1148 4625 1287 4679 cantate
1320 4624 1434 4680 mutua
1657 4647 1759 4711 „ptam
1776 4642 1999 4727 auferendam,
2401 4642 2404 4647 '

451 4717 513 4762 seu
535 4695 780 4765 benevolentia.
823 4697 924 4784 Apud
948 4698 1081 4764 Petrum
1108 4696 1245 4786 legitur:
1278 4700 1330 4765 Dc
1356 4720 1434 4781 apa·

303 4775 309 4788 ⁸
417 4846 419 4851 .
448 4787 503 4868 pia
525 4791 641 4853 cestria
658 4786 903 4852 causabantur:
923 4787 957 4850 id
979 4797 1031 4850 est
1053 4788 1095 4850 de
1118 4784 1351 4873 eleemosynis.
1594 4783 1738 4858 Quando
1776 4798 1813 4849 tu
1846 4795 1942 4868 potes
1981 4784 2145 4849 redimam
2187 4785 2286 4849 vitam
2327 4746 2475 4868 pecunia

536 4869 607 4936 Leo
640 4871 686 4937 lm
713 4884 825 4938 arator
857 4872 987 4937 dixerut
1006 4891 1059 4936 .sa
1080 4884 1214 4958 optare,
1247 4886 1285 4937 ut
1316 4882 1435 4957 posset
1487 4882 1592 4951 certa,
1616 4870 1682 4937 non
1703 4870 1811 4936 debes
1837 4870 1897 4935 tibi
1918 4871 1982 4954 ipsi
2004 4890 2082 4935 esse
2105 4889 2230 4936 caussa
2258 4870 2391 4935 mortis=
2420 4880 2473 4950 ut,

451 4957 599 5023 incidere
621 4960 654 5024 in
677 4894 736 5025 illa
758 4970 927 5044 tempora,
955 4959 989 5023 in
1011 4959 1132 5045 quibus
1161 4958 1326 5043 stipendia
1347 4955 1434 5024 mili·
1486 4960 1516 5025 si
1537 4960 1572 5029 in
1589 4960 1705 5023 itinera
1727 4956 1840 5023 veniat
1861 4958 1904 5022 ad
1927 4968 1962 5021 te
1982 4953 2086 5036 latro,
2116 4969 2151 5022 at
2171 4968 2290 5042 poscat
2318 4955 2384 5021 sibi
2406 4956 2473 5021 aba

450 5053 520 5108 tum
543 5044 709 5110 conferret
730 5046 763 5110 in
786 5047 964 5123 doctoras3
997 5064 1064 5112 nun
1080 5064 1192 5111 musea
1208 5043 1329 5110 milites
1351 5048 1434 5111 cased
1486 5056 1519 5111 te
1542 5044 1628 5109 tradi
1649 5042 1842 5130 pecuniam3
1865 5053 1933 5123 aut,
1956 5043 2019 5107 nisi
2040 5044 2073 5107 id
2096 5042 2215 5122 facias,
2243 5043 2388 5108 minetur
2407 5040 2473 5107 tibi

449 5135 537 5209 sein;
565 5132 625 5195 sad
649 5145 759 5198 tamen
778 5144 812 5198 et
834 5134 933 5197 nobis
955 5132 1097 5198 debetur
1119 5133 1239 5198 vietus.
1285 5131 1331 5197 Ea
1351 5150 1435 5196 soma
1485 5142 1643 5198 mortem:
1665 5129 1716 5196 Tu
1726 5149 1809 5196 vero
1831 5130 1916 5197 tueri
1938 5142 1972 5194 ta
1993 5150 2061 5193 non
2078 5129 2192 5213 possis
2214 5130 2317 5214 (quia,
2340 5130 2370 5192 si
2392 5148 2473 5195 eum

448 5214 537 5279 uicit
555 5224 626 5301 qut,
649 5218 713 5282 dus
734 5222 795 5283 wir
815 5239 852 5283 re
878 5240 920 5283 na
942 5218 1056 5285 frattae.
1101 5216 1343 5284 Desereremus
1365 5228 1434 5282 stu·
1484 5229 1583 5303 potes
1606 5213 1783 5302 repellere,
1804 5227 1895 5283 recte
1915 5214 2012 5299 lacis,
2035 5216 2067 5280 si
2087 5217 2185 5281 etiam
2206 5215 2366 5299 pecuniae
2389 5226 2473 5282 tuae

450 5300 515 5379 dia,
539 5313 571 5366 at
599 5302 830 5370 dimicaremus
857 5319 1047 5386 internos,
1070 5306 1306 5371 wiesietlruu·
1356 5304 1434 5371 lura
1484 5300 1714 5370 defensionem
1747 5304 1939 5387 suscipias:
1980 5302 2041 5367 sed
2075 5321 2166 5388 pono
2202 5320 2334 5381 casum,
2375 5300 2473 5388 quod

448 5387 627 5473 prohibent
660 5386 718 5455 illa
749 5390 890 5457 subduci
933 5393 977 5457 ab
1011 5391 1240 5472 haereditate,
1279 5410 1366 5478 quae
1396 5391 1432 5455 in
1481 5392 1642 5456 resistere
1664 5391 1695 5456 ei
1715 5410 1784 5456 non
1806 5389 1935 5477 possis)
1960 5407 2071 5454 annon
2099 5389 2207 5454 mavis
2234 5387 2345 5474 potius
2367 5406 2472 5473 pecu·

450 5475 559 5540 studia
584 5472 748 5542 collocata
775 5487 863 5543 sunt.
919 5478 1032 5565 Leges
1064 5480 1218 5547 ordinant
1249 5479 1347 5545 nobis
1375 5476 1433 5542 sti·
1483 5478 1572 5543 niam
1594 5478 1686 5557 dare,
1708 5499 1808 5565 quam
1830 5475 1936 5543 mori?
1985 5473 2083 5540 Certe
2105 5476 2246 5560 pecunia
2290 5475 2380 5541 otius
2401 5484 2471 5540 tra·

449 5562 570 5648 pendia
597 5573 630 5629 et
657 5563 796 5630 victum:
835 5562 967 5650 Dicaeus
998 5572 1048 5630 eat
1079 5565 1256 5650 operarius
1287 5564 1433 5633 mercede
1482 5563 1593 5630 denda
1618 5573 1688 5644 est,
1723 5584 1823 5650 quam
1857 5564 1926 5629 vita
1947 5561 2137 5629 amittenda.
2191 5559 2246 5628 De
2313 5560 2470 5628 tionibus
