5934 6709
458 648 534 717 att
561 745 573 757 ³
1105 641 1219 711 Pllll..
1242 642 1345 709 stab
1368 643 1554 711 st'tttm
1577 643 1839 711 manarat.
2408 640 2487 711 ,Μ

472 855 618 920 pugnam
648 844 886 918 comparatam.
931 829 1170 899 Demosthenis
1194 833 1300 897 oratio
1331 835 1373 892 ist
1402 835 1453 893 eir:
1504 847 1582 901 taus
1605 845 1657 899 est
1678 834 1711 899 in
1734 834 1882 899 maximis
1902 833 2117 901 cruciatibus.
2162 830 2239 897 ldae
2261 831 2399 897 areidae
2419 826 2486 897 ele

474 920 622 986 ernstttct
645 920 736 1001 dinp.
1504 940 1629 986 memus
1652 921 1695 985 nd
1708 919 1828 997 Deum,
1849 930 1887 986 ut
1907 939 1973 985 nos
1994 920 2167 1005 gabenret.
2191 917 2239 983 lta
2251 919 2487 985 admonetvos

1503 1004 1558 1071 bie
1586 1006 1658 1071 dies
1691 1006 1732 1070 de
1766 1002 1877 1071 multis
1909 1003 2069 1071 historiis.
2113 1002 2164 1068 Ex
2191 1001 2315 1071 talibus
2337 1003 2486 1071 materiis

743 1094 852 1199 Quid
883 1097 1028 1180 habuit
1058 1092 1179 1184 mali?
1504 1090 1627 1158 debent
1650 1088 1819 1177 colloquia
1835 1091 1921 1157 sumi
1941 1091 2028 1157 inter
2049 1092 2205 1157 eruditos

560 1263 684 1330 Habuit
705 1261 1006 1347 unanimem,
1040 1257 1185 1327 :cuntem
1212 1264 1358 1346 patriae:
1386 1283 1452 1348 ⁴t¹¹t
1627 1247 1849 1347 notttNlcn
1873 1277 1949 1344 xx
1972 1277 2086 1347 Post
2107 1275 2367 1345 tht'rA'rtS.

475 1374 512 1416 re
533 1345 667 1415 multum
690 1361 830 1433 percant
858 1349 1024 1412 oratoriae
1050 1358 1199 1412 naturae.
1243 1348 1308 1421 Qut
1330 1347 1451 1413 hebent

464 1438 741 1501 ‚eorriunctionem
764 1432 883 1498 Martio
905 1447 938 1497 et
958 1433 1127 1509 Mercurii,
1149 1448 1182 1497 et
1204 1433 1352 1513 Saturni,
1375 1445 1453 1499 sant
1716 1415 1990 1503 Evangellttm
2013 1415 2197 1482 Matbaei
2219 1415 2277 1481 22·

475 1540 660 1675 pugnaces,
691 1521 844 1604 inquieti,
871 1531 905 1585 et
927 1516 1114 1584 turbulenti.
1159 1518 1250 1584 Talis
1272 1521 1370 1584 etiam
1391 1516 1453 1585 fuit

503 1604 635 1685 ericles,
658 1596 937 1690 Hotonpoypoao'rn
959 1618 1012 1669 εει
1034 1606 1160 1683 vitium,
1179 1625 1247 1690 qno
1268 1605 1452 1670 homoten·
1555 1558 1804 1645 P³f⁸b⁰la
1834 1561 1895 1644 de
1926 1560 2131 1698 Nuptii?
2161 1558 2346 1703 {legilh
2378 1572 2432 1643 et

476 1706 524 1759 tat
545 1691 646 1759 multa
667 1693 741 1757 sine
762 1693 952 1769 vocatione,
969 1704 1002 1756 et
1025 1693 1451 1757 sineneaessariacanssa:
1785 1693 1930 1763 veste
1960 1681 2202 1794 Nupilall.

474 1779 602 1843 Rictto
623 1777 740 1838 annale
762 1795 815 1855 aa,
837 1776 940 1838 mccli
961 1779 1085 1857 pewirr,
1106 1777 1162 1836 :eil
1180 1778 1244 1839 ciel
1261 1798 1296 1838 n:
1318 1777 1452 1858 schnffen

474 1864 583 1934 luben,
605 1863 672 1926 vad
693 1883 726 1923 ιι
747 1866 790 1923 iel
811 1862 874 1923 ilem
894 1867 994 1944 venia
1015 1860 1165 1941 lesallea.
1209 1862 1268 1929 llla
1290 1868 1452 1928 snanote-
1593 1861 1659 1926 lsta
1682 1862 1800 1927 concio
1815 1863 2309 1950 continetqninquepraeeipna
2326 1864 2487 1931 membre.

473 1950 650 2036 κραγμοσόν
682 1947 928 2014 Demosthenes
950 1950 1085 2014 attraxit
1102 1945 1164 2027 illa
1187 1948 1275 2015 balla
1298 1947 1452 2014 Macedo·
1505 1946 1650 2013 Primum
1673 1959 1725 2012 est
1746 1950 1788 2013 de
1811 1969 1918 2034 poena
1940 1953 2216 2015 contemnentium
2239 1960 2273 2014 et
2282 1968 2488 2035 peraequen-

477 2040 551 2100 nica
572 2037 604 2100 in
660 2036 780 2099 raeaia.
802 2033 936 2099 Erravit
959 2032 1112 2113 consilio,
1134 2038 1260 2119 putavit
1277 2033 1453 2120 pulchrum
1507 2034 1586 2101 tium
1608 2031 1839 2120 Evangelium,
1860 2056 2050 2123 congruens
2073 2054 2148 2101 cum
2164 2036 2379 2122 praecedenti
2402 2036 2489 2102 tristi

476 2142 554 2188 esse
588 2118 751 2206 repellere
779 2119 1003 2198 Macedones,
1037 2122 1124 2185 sicut
1156 2119 1324 2186 Demades
1358 2121 1453 2185 dixit:
1507 2121 1778 2185 comminatione:
1801 2120 1969 2199 Arcferetnr
1989 2142 2010 2181 o
2032 2120 2405 2204 necromanticae:
2423 2128 2490 2183 tra·

475 2208 556 2271 Esse
577 2207 739 2269 cornillan:
767 2206 985 2268 Demosthenis
1008 2205 1136 2286 ὀνόμασι
1157 2209 1256 2271 καλόν.
1300 2206 1373 2272 Nos
1400 2207 1455 2270 de·
1506 2206 1599 2267 detur
1620 2208 1707 2287 penti
1720 2207 1857 2284 [amenti
1874 2209 1999 2285 frotetus
2020 2211 2095 2270 eius.

476 2296 593 2359 bemus
628 2289 830 2378 profundere
863 2293 1002 2357 animam
1036 2312 1098 2377 pro
1131 2289 1284 2357 libertate
1316 2292 1454 2377 patriae.
1593 2293 1782 2356 Secundum
1804 2295 1997 2371 membrum,
2021 2295 2262 2359 devocatione
2284 2292 2445 2378 gendum

477 2377 572 2445 'falia
595 2376 681 2444 bella
711 2391 787 2442 sunt
815 2376 973 2456 honesta,
1007 2391 1040 2442 et
1068 2377 1230 2443 hortestas
1256 2390 1308 2444 εει
1328 2376 1455 2443 antefe·
1593 2376 1750 2456 Tertium,
1774 2380 1816 2443 de
1838 2390 1932 2444 veste
1953 2376 2101 2464 nuptiali.

477 2466 582 2530 reuda
604 2462 749 2529 utilibus.
796 2463 860 2524 Die
881 2472 960 2526 :cort
981 2465 1056 2524 :ind
1077 2464 1186 2542 setona,
1208 2465 1456 2531 sedvidendnm
1595 2463 1773 2540 Quartum,
1807 2468 1848 2529 de
1880 2466 1997 2550 poenis
2027 2485 2159 2544 eornm,
2193 2467 2248 2550 qui
2270 2485 2339 2530 non
2362 2465 2490 2531 bahent

478 2568 541 2630 est,
565 2571 607 2615 an
632 2551 675 2614 sit
693 2547 861 2635 possibile.
907 2550 983 2634 lpse
1005 2549 1226 2616 sic'defendit
1252 2571 1349 2616 suum
1379 2570 1456 2614 con·
1509 2562 1639 2614 vestem
1657 2548 1848 2633 nuptialem.

477 2633 602 2702 sillam:
1596 2635 1764 2714 Quintam,
1786 2637 1827 2701 de
1849 2633 2027 2702 electione:
2060 2639 2094 2701 id
2128 2650 2197 2716 est,
2229 2637 2271 2702 de
2297 2633 2361 2701 illo
2382 2636 2489 2702 dicto:

609 2756 749 2817 Honesta
772 2753 905 2816 coneilio
927 2763 999 2817 ratri
1024 2756 1228 2835 anteferenda
1249 2756 1387 2829 utilibus,
1409 2755 1460 2817 ael
1508 2720 1604 2782 mum
1624 2724 1741 2791 ”mlle
1761 2725 1861 2804 Pam·
1881 2722 1983 2788 ilem·
2027 2721 2089 2789 5⁸1
2110 2721 2214 2830 101158
2241 2724 2378 2789 ⁰0ss⁰l⁰²
2411 2723 2491 2788 lilffl

655 2845 754 2903 „„·„„,
774 2839 928 2904 ponem„
1509 2819 1543 2871 et
1564 2803 1685 2872 multas
1708 2818 1740 2871 et
1763 2829 1902 2894 magnas
1927 2830 1981 2874 res·
2004 2806 2245 2895 complectitur.

609 2926 679 3009 Epo
710 2927 850 3009 praetuli
875 2927 1033 2991 frenesiam
1063 2927 1239 3000 coctilium,
1273 2948 1456 3010 quarnquan:
1959 2989 1967 3004 ‚

652 3013 871 3095 periculosum.
1794 2987 1865 3068 De
1896 3016 2054 3098 prlmO
2085 2988 2211 3070 loco:

567 3150 724 3216 Maiorem
747 3152 867 3236 probat
887 3152 930 3214 nb
952 3151 1113 3238 exenrplis
1136 3154 1305 3230 maiorum,
1323 3152 1455 3238 quando
1596 3150 1739 3215 Primum
1761 3153 1942 3217 membrum
1966 3155 2008 3218 de
2030 3172 2139 3236 poena
2160 3154 2442 3219 contemnentium
2457 3164 2490 3217 et

477 3238 612 3306 llerxen
634 3235 839 3322 repulerunt,
879 3237 939 3302 sed
962 3250 1014 3302 est
1041 3250 1167 3304 tantum
1189 3242 1360 3320 ametque.
1405 3236 1456 3301 'lu
1506 3240 1775 3320 persequentium
1797 3235 2011 3318 Evangelium
2033 3240 2180 3304 continet
2207 3236 2299 3304 illan:
2321 3238 2489 3324 quaestio·

478 3321 575 3390 solve
603 3322 668 3389 hoc
697 3335 937 3408 argumentum.
981 3321 1184 3410 Respondeo
1206 3329 1249 3392 ad
1271 3323 1455 3389 Maiorem:
1508 3342 1595 3393 nem,
1618 3342 1722 3408 quare
1745 3324 1824 3388 frunt
1851 3324 1882 3387 in
1913 3344 2037 3410 genere
2058 3325 2203 3391 humano
2225 3338 2294 3390 tam
2316 3322 2488 3389 mirabiles

478 3410 632 3489 Honesta,
653 3406 785 3476 scilicet
802 3409 980 3490 possiiilio,
1014 3409 1229 3476 anteferenda
1251 3422 1327 3475 sunt
1349 3411 1456 3475 minus
1508 3409 1610 3473 vices.
1654 3405 1813 3473 Miramur
1836 3430 1962 3490 omnes,
1986 3412 2075 3497 quod
2097 3410 2316 3495 Evangelium
2332 3410 2491 3497 itavage

478 3495 651 3568 honestis:
680 3496 712 3559 id
741 3508 805 3574 est,
835 3498 864 3559 si
886 3495 962 3561 talis
984 3508 1037 3560 est
1059 3518 1180 3575 casus,
1214 3507 1248 3560 ut
1276 3492 1370 3581 plura
1391 3497 1458 3558 sint
1508 3506 1561 3559 tur
1582 3496 1615 3559 in
1639 3514 1761 3580 genere
1783 3496 1942 3561 humano:
1966 3498 2042 3563 item
2066 3500 2156 3584 quod
2178 3492 2333 3563 Ecclesia
2362 3497 2410 3561 ita
2431 3518 2488 3563 ve·

478 3583 632 3648 honesta.
676 3579 829 3647 Servitus
847 3602 915 3647 non
937 3597 990 3646 est
1011 3602 1072 3667 per
1093 3602 1131 3647 se
1154 3584 1270 3668 turpis,
1299 3601 1385 3642 wem:
1407 3583 1456 3642 ein
1509 3591 1617 3667 getur.
1661 3581 1737 3646 Fnit
1758 3579 1836 3646 olim
1858 3582 1924 3647 llos
1970 3585 2078 3649 erretis
2100 3582 2248 3663 hnmani,
2281 3594 2315 3649 et
2336 3583 2403 3648 llos
2427 3582 2490 3650 Ea·

479 3667 581 3731 Feind
592 3670 674 3728 εἰπεε
683 3665 815 3749 mecltip
826 3672 868 3728 ist
880 3667 1016 3740 worden,
1038 3689 1075 3730 :o
1097 3671 1139 3730 ist
1150 3689 1183 3729 e:
1193 3669 1295 3729 hesse:
1317 3669 1455 3745 servire,
1509 3663 1633 3730 alesine
1655 3667 1687 3730 in
1710 3664 1833 3753 populo
1857 3604 1971 3735 lsrael.
2017 3671 2084 3735 lam
2102 3671 2225 3736 esttibi
2248 3680 2334 3734 tetra
2355 3680 2389 3734 et
2411 3668 2488 3734 hor·

479 3776 546 3819 non
570 3765 694 3818 mutata
720 3751 882 3841 religione
915 3768 948 3818 et
981 3767 1071 3820 statu
1103 3753 1247 3840 politiae.
1294 3752 1455 3821 Ulterius:
1509 3748 1614 3816 ribilis
1644 3753 1825 3818 barbaries.
1870 3753 1996 3821 Postea
2029 3753 2163 3822 fuerunt
2187 3756 2348 3821 florentes
2370 3753 2487 3821 Eccle-

477 3839 558 3901 Sant
581 3840 783 3917 antefer-endo
800 3840 930 3901 honesta
952 3841 1097 3919 consilio,
1120 3838 1249 3906 scilicet
1264 3842 1294 3904 si
1304 3860 1371 3905 non
1382 3860 1457 3924 pos·
1509 3839 1578 3902 siae
1611 3838 1645 3902 in
1678 3838 1771 3917 Asia,
1799 3850 1900 3926 atque
1933 3844 2029 3906 etiam
2062 3843 2094 3906 iu
2128 3838 2201 3906 aliis
2226 3842 2322 3920 locis,
2344 3842 2402 3908 ubi
2424 3842 2487 3907 iam

480 3937 560 3991 sunt
582 3927 712 4002 mutari,
733 3938 766 3990 at
784 3927 879 3990 vitari
901 3923 997 3990 aliter
1013 3924 1156 3990 honeste
1172 3923 1366 4010 periculam.
1389 3926 1457 3990 Sed
1509 3921 1660 3988 similiter
1681 3936 1734 3989 est
1755 3936 1839 3990 tetra
1860 3938 1895 3991 et
1917 3925 2083 3993 horrenda
2117 3930 2267 4005 vastitas,
2298 3938 2334 3991 et
2366 3928 2486 3993 barba·

481 4008 726 4077 Demosthenes
754 4012 899 4077 accersit
927 4008 1009 4078 illud
1032 4009 1173 4092 bellum,
1199 4014 1288 4098 quod
1312 4034 1378 4077 non
1402 4033 1457 4094 po·
1509 4010 1588 4087 ries,
1611 4008 1655 4070 da
1677 4011 1751 4072 eitel
1780 4012 1906 4073 innocen
1932 4015 1998 4075 arad
2019 4014 2110 4075 eleod
2131 4017 2184 4078 ist.
2228 4014 2295 4078 lsta
2312 4012 2487 4079 barbaries

482 4100 539 4162 tuit
562 4099 728 4162 sustinere
751 4095 905 4164 Graecia.
1510 4116 1584 4162 aum
1608 4097 1773 4181 cogitatur
1793 4118 1814 4162 a
1836 4099 1952 4177 nohis,
1984 4101 2040 4187 qui
2073 4098 2191 4185 procul
2216 4100 2398 4179 absumus,
2432 4098 2485 4185 qui

568 4181 761 4270 (rogitemus
783 4184 893 4269 igitur,
916 4203 1002 4269 quae
1026 4186 1113 4249 hona
1134 4182 1255 4249 fuerlut
1278 4185 1310 4248 in
1337 4203 1397 4261 eo,
1424 4195 1458 4248 et
1510 4182 1751 4262 nonvidimus,
1769 4195 1895 4249 tantum
1918 4187 2032 4251 auditu
2048 4199 2081 4251 et
2098 4185 2486 4272 lectionecagnavinma,

481 4272 607 4354 scripta
636 4271 706 4334 eins
733 4267 908 4357 legamus:
939 4267 1064 4336 Contra
1090 4291 1171 4336 vero
1200 4271 1342 4335 vitemus
1371 4268 1459 4334 mala
1512 4287 1610 4355 qnam
1632 4270 1676 4333 sit
1698 4282 1782 4335 teter
1803 4281 1922 4350 status,
1946 4271 1999 4337 vel
2018 4275 2127 4358 potius
2150 4269 2262 4339 nullus
2285 4284 2413 4351 status,
2443 4272 2488 4336 ita

482 4359 571 4422 eius:
604 4357 725 4434 idest,
747 4355 1049 4444 πολεπραγμοσόνην,
1077 4368 1111 4422 et
1144 4357 1312 4422 discamus
1334 4352 1458 4421 nullam
1511 4372 1575 4419 nos
1598 4369 1720 4436 movet,
1742 4368 1860 4422 utnon
1884 4359 2051 4441 possimus
2081 4360 2122 4423 de
2143 4378 2184 4423 ea
2207 4378 2244 4421 re
2265 4358 2340 4422 alne
2362 4357 2488 4444 ingenti

481 4442 675 4526 sapientiam
698 4439 829 4508 felicem
858 4462 937 4509 esse
958 4444 1031 4509 sine
1053 4442 1140 4510 lleo.
1186 4441 1310 4509 Similia
1331 4443 1459 4509 accide·
1512 4437 1628 4506 dolore
1652 4445 1808 4527 cogitare.
1853 4441 1995 4508 Debetis
2028 4458 2138 4511 autem
2165 4455 2200 4509 et
2220 4463 2284 4510 vos
2316 4444 2489 4509 intendere

482 4538 559 4594 runt
581 4541 615 4593 et
636 4526 789 4594 Ciceroni
813 4541 846 4594 et
867 4527 1100 4595 Demostheni:
1118 4550 1316 4616 quamquam
1339 4527 1459 4594 Cicero
1510 4524 1652 4592 animum
1676 4528 1836 4595 eiusmodi
1858 4529 2128 4616 cogitationibus,
2150 4544 2187 4596 ut
2201 4541 2489 4615 praesentespec·

480 4612 595 4679 habuit
618 4614 760 4680 maiores
784 4635 924 4681 caussas
947 4615 1148 4681 adversandi
1172 4615 1338 4694 Antonio,
1382 4637 1457 4680 uam
1510 4632 1573 4679 aas
1595 4615 1773 4700 contempti
1796 4628 1829 4679 et
1851 4618 1954 4699 spreti
1978 4616 2068 4680 Evan
2096 4613 2149 4681 elii
2172 4616 2397 4681 confideretis.

480 4697 729 4765 Demosthenes
763 4697 1021 4767 Macedonibus:
1055 4711 1165 4767 tamen
1193 4700 1331 4768 irritavit
1354 4635 1459 4766 Moto·
1598 4698 1679 4765 Post
1700 4697 1933 4766 revelationem
1946 4637 2327 4788 Evangllttpterumque
2343 4721 2490 4789 sequnn-

480 4787 581 4852 nium.
625 4783 742 4872 Legite
762 4788 864 4853 vitam
884 4784 1120 4852 Demosthenis
1132 4790 1219 4871 apud
1233 4784 1458 4868 Plutarchum,
1510 4794 1565 4849 tur
1597 4806 1739 4872 magnae
1767 4800 1800 4850 et
1833 4786 2019 4853 horrendae
2040 4806 2185 4874 poenae:
2218 4786 2370 4854 Canssae
2402 4790 2489 4856 (luae

480 4888 513 4936 et
536 4885 632 4937 orate
653 4871 772 4955 Deum,
804 4884 841 4939 ut
869 4870 970 4940 faciat
995 4892 1058 4938 vos
1091 4893 1174 4938 vasa
1201 4872 1457 4939 misericordiae·
1511 4883 1600 4937 sunt.
1646 4870 1782 4945 1.Quta
1810 4893 1885 4937 cum
1909 4871 2028 4939 fatales
2058 4895 2185 4958 poenae
2218 4876 2359 4952 instent,
2390 4873 2489 4941 Dan

479 4958 516 5024 ln
549 4955 725 5023 Alcibiade
757 4980 877 5047 magna
909 4957 972 5025 fuit
1003 4961 1208 5044 praestantia
1228 4960 1363 5047 ingenii,
1396 4960 1457 5025 sed
1511 4955 1583 5022 vult
1604 4957 1696 5043 prius
1718 4977 1900 5042 excerpere
1922 4973 1954 5024 et
1977 4957 2137 5047 colligere
2157 4957 2358 5027 Ecclesiam.
2384 4961 2489 5027 280·

482 5046 621 5112 exitiosa
643 5046 705 5131 ipsi
728 5058 762 5111 et
784 5046 918 5130 patriae.
963 5042 1129 5132 Cogitate,
1176 5056 1310 5111 uantum
1332 5046 1375 5109 sit
1392 5045 1458 5110 hoc
1512 5045 1621 5109 cundo
1644 5044 1740 5109 etiam
1762 5043 1820 5124 illi,
1841 5046 1896 5129 qui
1919 5059 2093 5122 vocantur,
2115 5059 2148 5110 et
2172 5061 2281 5113 tamen
2304 5049 2488 5114 manentia

481 5131 677 5197 beneficium
699 5130 778 5197 Dei:
812 5151 897 5193 unm
927 5130 1006 5195 Gott
1038 5135 1126 5195 einen
1192 5131 1285 5193 coeit
1306 5152 1342 5192 :a
1363 5139 1459 5193 awo:
1511 5129 1770 5214 impoenitentia,
1792 5131 1899 5216 magis
1922 5132 2050 5197 irritant
2071 5131 2180 5198 Deum
2202 5134 2273 5197 suis
2288 5131 2489 5213 sceleribus,

480 5224 588 5299 pates,
621 5238 653 5278 es
679 5220 720 5278 ist
743 5218 806 5281 aiei
824 5220 927 5281 bercer
948 5221 998 5280 ein
1021 5241 1121 5281 orme:
1141 5217 1360 5281 Scitubneister
1381 5221 1459 5297 seio,
1512 5229 1713 5301 contemptu,
1736 5217 1981 5305 ingratitudine,
2003 5230 2037 5282 et
2059 5218 2170 5284 multis
2193 5218 2386 5286 furiarihus.
2411 5220 2489 5286 lden

479 5302 546 5367 und
576 5303 637 5364 dea
659 5303 903 5370 Gatechismum
930 5304 1030 5377 feren,
1063 5306 1145 5367 derm
1177 5305 1254 5367 dass
1287 5307 1372 5366 einer
1404 5324 1459 5388 :ey
1510 5304 1621 5368 statim
1644 5318 1828 5389 sequuntur
1851 5325 1995 5389 poenae,
2018 5305 2106 5370 sicut
2134 5306 2269 5381 videtis:
2303 5304 2487 5394 Postquam

479 5410 620 5477 nmgnus
633 5386 718 5467 Rex,
741 5405 772 5456 et
797 5406 904 5456 tamen
922 5389 1046 5458 infelix.
1081 5391 1155 5454 Was
1176 5390 1274 5471 bittit:
1295 5392 1357 5464 den
1374 5390 1458 5457 Pho
1510 5386 1635 5455 Paulus
1647 5389 1851 5476 praedicavit
1862 5388 2063 5470 Laodiceae,
2075 5404 2108 5457 et
2121 5389 2375 5463 Colossis,illae
2384 5396 2487 5460 nrbes

480 5500 571 5554 cam,
605 5479 695 5561 quoti
720 5479 825 5561 rapuit
854 5479 897 5542 ad
932 5498 969 5543 se
997 5476 1190 5562 impetunt
1232 5474 1295 5542 Est
1328 5476 1459 5543 interfe·
1480 5466 1487 5503 '
1511 5476 1643 5543 biennio
1676 5489 1754 5561 post
1787 5488 1926 5542 mortem
1948 5475 2042 5543 Pauli
2076 5491 2153 5543 sunt
2173 5480 2278 5544 absor
2302 5490 2356 5544 tae
2374 5492 2487 5565 terrae
2586 5474 2589 5479 ’

479 5578 553 5630 ctus
579 5565 709 5630 tandem
728 5563 889 5649 praecisis
912 5564 1064 5637 manibus
1085 5576 1118 5631 et
1140 5564 1297 5649 pedibas,
1317 5575 1351 5630 et
1371 5584 1458 5630 mor·
1480 5523 1487 5649 l
1509 5560 1610 5630 hiatu.
1654 5559 1742 5648 ltcm,
1764 5575 1841 5648 post
1864 5563 2142 5646 praedicationem
2153 5499 2406 5651 Apostolorum,
2422 5581 2485 5632 stat
