5934 6709
476 671 519 735 ⁷5
1105 668 1219 737 l'HlL.
1241 667 1563 736 lrOEL.³SCRlP'l'A
1583 667 1848 735 Exnon'ncn.
2440 674 2485 739 76

476 856 673 945 quinDcus
705 854 808 931 multo
830 857 960 923 avidior
986 858 1031 923 sit
1052 859 1095 927 ad
1118 859 1273 925 dandum.
1320 857 1455 924 Germa·
1593 857 1714 936 Adam,
1737 876 1935 943 quamquam
1955 852 2085 1005 laqrsns,
2106 877 2148 921 ac
2170 854 2328 925 defuturis
2350 874 2415 943 est,
2439 871 2488 927 ta·

476 946 550 1008 nice
573 944 619 1007 ita
641 954 755 1017 sonat3
799 944 877 1027 quia
900 941 1099 1009 Germanice
1117 946 1251 1027 scripsit
1271 941 1454 1009 'l’aulerust
1506 963 1582 1008 men
1604 940 1714 1027 placet
1735 942 1863 1019 iterum,
1886 942 1980 1028 per-in
2004 960 2028 1005 e¹
2045 962 2086 1005 ac
2107 942 2137 1005 si
2160 963 2226 1008 non
2247 943 2422 1010 habuisset
2432 947 2490 1011 de-
2518 992 2526 1023 ,

474 1032 670 1097 Menscbiicle
700 1032 793 1095 herta
818 1033 1111 1095 enumerarem
1131 1051 1169 1096 so
1189 1033 1456 1112 depiertoonodo
1506 1027 1715 1093 formitatem.
1760 1025 1875 1091 Placet
1908 1028 1994 1091 enim
2028 1027 2091 1090 iam
2113 1042 2250 1113 propter
2271 1021 2490 1097 mediatoiem

474 1134 515 1181 so
535 1117 684 1196 homero,
720 1116 795 1181 dett
815 1120 860 1180 iet
878 1118 941 1182 otei
960 1115 1169 1195 hepteriicher
1188 1137 1230 1181 ou
1247 1119 1361 1196 peden.
1507 1115 1630 1178 donata
1661 1117 1732 1180 eius
1762 1113 1896 1179 iustitia.
1941 1110 2064 1177 Postea
2086 1111 2260 1179 inchoatur
2282 1117 2314 1179 in
2337 1137 2377 1180 eo
2399 1138 2490 1183 nova

547 1194 717 1264 'Testatur
728 1209 839 1264 autem
860 1212 954 1285 pater
975 1199 1128 1266 allectum
1150 1220 1258 1281 sunm,
1269 1202 1399 1266 irruens
1422 1201 1455 1263 in
1507 1199 1705 1280 obedientia,
1739 1211 1772 1264 et
1804 1195 1888 1262 haec
1921 1199 1982 1261 erit
2004 1194 2154 1281 perfecta
2174 1201 2208 1263 in
2231 1205 2488 1267 resurrectione.

475 1281 597 1349 collum
616 1282 688 1363 filii,
711 1296 743 1349 et
766 1286 925 1352 osculans
949 1307 1033 1351 enm.
1064 1284 1268 1371 Complexus
1290 1285 1456 1371 significat
1594 1284 1689 1350 Stolo
1711 1283 1771 1350 suit
1791 1284 1896 1347 vestis
1915 1283 2095 1363 senatoria,
2118 1294 2152 1347 et
2173 1286 2263 1369 apud
2285 1283 2488 1370 Xenophon-

476 1366 722 1454 eopulationem
757 1372 879 1436 cordis.
929 1367 1090 1435 Osculum
1122 1384 1176 1437 est
1208 1371 1326 1437 effusio
1360 1373 1456 1455 spiri·
1505 1382 1572 1434 tem
1589 1369 1728 1455 legitur,
1750 1370 1839 1457 quud
1861 1366 1960 1432 suerit
1982 1367 2079 1445 etiam
2102 1370 2196 1453 regia
2219 1372 2337 1444 vestis,
2372 1370 2488 1437 videli-

474 1467 577 1534 tuum,
601 1477 669 1540 qun
691 1453 872 1522 efficaciter
897 1455 935 1522 iit
957 1453 1123 1540 copulatio
1146 1458 1454 1525 cordisuninscum
1506 1467 1560 1519 cet
1591 1453 1694 1542 longa
1725 1467 1759 1521 et
1790 1450 1899 1537 ampla
1932 1454 2058 1529 vestis,
2082 1465 2200 1541 tegens
2223 1467 2328 1519 totum
2351 1477 2487 1540 corpus.

474 1537 612 1607 altanus
636 1541 747 1605 corde.
1504 1539 1580 1605 Fuit
1600 1540 1775 1605 honestior
1796 1538 1927 1617 habita,
1952 1556 2049 1623 quam
2072 1549 2162 1624 toga.
2205 1542 2381 1626 Augustus
2404 1564 2487 1607 uxo·

560 1625 624 1691 Hic
646 1624 734 1696 filins
756 1627 903 1692 vicissim
925 1628 1075 1695 ostendit
1097 1629 1196 1713 signa
1217 1629 1325 1693 seriae
1342 1626 1455 1712 poeni·
1505 1644 1575 1690 rem
1597 1646 1693 1691 snam
1715 1626 1842 1691 Liviam
1864 1626 2009 1689 vocabat
2055 1625 2199 1705 ttpreem
2220 1630 2390 1707 stobttom,
2410 1630 2489 1713 qula

475 1712 608 1790 tentiae,
630 1712 799 1796 inquiens:
823 1716 931 1796 Potor,
950 1719 1094 1797 mecam,
1117 1716 1283 1780 toeneium
1302 1721 1455 1779 etcorom
1505 1712 1669 1776 miscebat
1691 1732 1729 1776 se
1750 1709 1893 1796 negotiis
1915 1710 2176 1795 gubernationis.

474 1804 524 1862 te:
545 1797 578 1861 id
601 1808 662 1875 est,
685 1795 805 1862 offendi
827 1796 949 1875 Deum,
972 1796 1213 1864 etEcclesiam.
1243 1796 1333 1863 'l'alis
1356 1799 1456 1862 debet
1592 1797 1693 1880 Apud
1716 1810 1859 1871 veteres,
1882 1795 1993 1880 quiin
2016 1797 2289 1877 occupationibus
2301 1810 2407 1875 erant,
2455 1818 2487 1862 e·

473 1901 550 1947 esse
572 1893 688 1947 nostra
710 1884 853 1948 onmium
875 1882 1061 1960 consessi03
1082 1884 1221 1968 primum
1243 1905 1325 1969 erga
1335 1882 1456 1960 Deum,
1506 1884 1640 1947 stabant
1656 1885 1812 1965 peonius:
1844 1899 1884 1943 ea
1916 1876 1976 1945 suit
1999 1880 2193 1945 brevissima
2214 1882 2334 1961 vestis,
2368 1820 2487 1967 quahs
2522 1926 2530 1937 .

471 1978 592 2052 postca
614 1969 777 2033 etiamad
798 1966 997 2048 Ecclesiam,
1019 1970 1075 2035 ubi
1097 1991 1183 2054 opus
1206 1981 1276 2051 est,
1298 1977 1332 2034 in
1354 1969 1455 2033 mani·
1505 1988 1595 2032 nunc
1628 1980 1803 2053 gestantur
1831 1965 2059 2031 aSaxonibus
2091 1979 2148 2030 aut
2171 1965 2289 2032 Gallis.
2345 1966 2487 2033 Graecis

471 2053 568 2119 lestis
598 2050 740 2118 delictis.
786 2053 879 2120 llaec
903 2054 1072 2120 consessio
1093 2056 1239 2140 pertinet
1268 2056 1313 2121 ad
1340 2075 1454 2121 veram
1506 2064 1558 2116 est
1578 2051 1697 2133 areoli,
1719 2055 1782 2119 rias
1802 2067 1877 2116 mon
1898 2050 1963 2116 lon
1979 2050 2150 2115 dordurcir
2169 2053 2274 2117 seben.
2306 2050 2417 2117 Varro
2441 2056 2487 2120 di·

473 2138 714 2204 contritionem.
1507 2139 1551 2204 cit
1572 2139 1623 2203 sic
1645 2140 1819 2216 nominari,
1838 2138 1933 2222 quasi
1955 2156 2042 2221 pene
2064 2140 2110 2201 sit
2130 2135 2233 2203 nulia.
2255 2138 2487 2220 honestiores,

559 2220 802 2289 Universaliter
822 2237 961 2308 peccata
982 2238 1099 2291 nostra
1121 2238 1200 2291 sunt
1222 2225 1360 2312 gemina.
1395 2221 1453 2289 Oi·
1505 2225 1560 2310 qui
1584 2245 1650 2288 non
1673 2227 1720 2290 ita
1741 2224 1875 2291 suerunt
1896 2222 2061 2306 occupati,
2085 2234 2259 2309 gestarunt
2278 2220 2391 2308 pallia.
2414 2225 2487 2291 Sub
2559 2225 2561 2227 ’

471 2305 610 2373 sendnnt
631 2307 759 2388 Deum,
786 2312 874 2376 sicut
898 2311 1066 2396 Propheta
1087 2312 1192 2397 inquit
1208 2311 1253 2376 ad
1273 2308 1453 2376 Davidem:
1505 2307 1605 2394 pallio
1628 2308 1815 2377 habuerunt
1837 2310 1995 2385 tunicam,
2018 2329 2102 2394 quae
2124 2309 2185 2373 suit
2206 2311 2344 2373 interior
2366 2322 2399 2374 et
2412 2313 2486 2375 brc-

472 2398 594 2460 Feciste'
609 2397 830 2477 blasphemari
850 2417 967 2463 nonren
978 2401 1125 2464 Domini:
1145 2409 1265 2482 postea
1287 2396 1453 2462 etiamde·
1506 2395 1578 2459 rior
1600 2399 1716 2461 vestis.
1746 2398 1929 2464 Senatores
1950 2392 2028 2458 loco
2051 2391 2153 2477 pallii,
2176 2398 2353 2480 gestabant
2375 2408 2486 2482 togas,

470 2479 626 2557 sonnant,
661 2491 695 2544 et
722 2480 894 2546 offendunt
924 2480 1123 2549 Ecclesiam.
1166 2482 1288 2548 illedici
1322 2483 1453 2547 dicunt:
1504 2492 1562 2545 aut
1584 2480 1702 2546 stolas.
1723 2560 1726 2567 Ι
1747 2483 1873 2571 Sagum
1895 2492 1968 2543 erat
1990 2480 2093 2543 vestis
2117 2476 2268 2546 militaris
2282 2478 2407 2547 Christi
2430 2503 2485 2547 ve·

471 2568 564 2633 ΝἰΙιιἹ
580 2584 729 2648 porcum,
750 2571 834 2632 nihil
853 2577 1034 2635 mennae
1064 2580 1097 2634 et
1119 2567 1308 2635 Laconicus
1339 2579 1454 2632 orator
1504 2567 1568 2630 stis
1590 2564 1652 2631 fuit
1678 2567 1786 2647 stola,
1820 2586 1888 2631 non
1905 2565 2049 2629 incessit
2069 2562 2239 2649 palliatus,
2260 2586 2370 2651 neque
2391 2579 2485 2653 toga·

471 2651 560 2735 apud
571 2649 796 2736 Thucydidem
814 2654 930 2738 inquit,
952 2655 986 2733 ἔξ
1007 2652 1107 2735 ὀλίγου
1129 2645 1240 2718 nond:
1262 2651 1372 2720 Unum
1393 2650 1454 2717 ali·
1504 2663 1577 2731 tus,
1605 2673 1714 2738 neque
1738 2654 1916 2729 tunicatus,
1938 2670 2024 2737 quae
2047 2662 2119 2715 erat
2140 2671 2313 2717 servorum
2337 2656 2452 2719 vestis.

472 2737 562 2821 quod
593 2749 778 2820 peccatum,
808 2741 897 2823 quod
929 2758 992 2804 nos
1024 2751 1179 2824 putamus
1201 2758 1280 2804 esse
1301 2758 1452 2822 parumn,
1590 2736 1685 2803 iubet
1718 2751 1829 2804 autem
1851 2748 1947 2820 pater
1968 2736 2078 2800 afferri
2100 2738 2199 2803 etiam
2220 2740 2384 2803 conmuni.
2430 2738 2484 2805 lus

470 2820 577 2907 trahit,
591 2840 704 2887 secum
726 2825 895 2908 ingentem
916 2826 1052 2892 ruinam.
1096 2825 1172 2889 Non
1193 2824 1378 2909 cogitemus
1400 2843 1452 2889 es·
1504 2822 1701 2888 annulorum
1723 2823 1912 2890 habuerunt
1933 2819 2011 2885 olim
2033 2820 2174 2887 nobiles.
2200 2822 2275 2889 Non
2296 2824 2485 2905 fuitmoris,

471 2923 511 2971 se
532 2926 672 2991 parvum
692 2905 826 2987 malum,
841 2907 1017 2979 ,offendere
1038 2910 1166 2988 Deum,
1192 2910 1323 2975 irritare
1344 2910 1453 2974 iustis-
1503 2920 1539 2973 ut
1557 2907 1693 2995 quilibet
1738 2904 2240 2993 romiscuegestaretannulos,
2263 2911 2409 2996 quinon
2432 2930 2485 2977 es·

470 2991 588 3057 simam
609 2992 692 3056 iram
713 2991 791 3072 Dei,
813 3004 847 3059 et
868 2995 1003 3060 turbare
1025 2995 1222 3061 Ecclesiam.
1254 2994 1331 3060 Non
1353 2994 1453 3060 debe·
1503 3006 1557 3058 set
1577 3014 1620 3058 ex
1641 2931 1745 3061 rooth
1766 2991 1910 3068 familia3
1932 2992 2020 3057 sicut
2040 2994 2485 3063 nunchtetiumintertheo·

471 3096 545 3141 mus
569 3087 751 3144 extenuare
772 3090 912 3162 peccata
932 3091 1060 3161 nostra,
1081 3083 1167 3146 sicut
1187 3077 1281 3147 multi
1296 3081 1387 3144 initio
1398 3101 1452 3145 rn-
1502 3076 1613 3167 logos,
1638 3082 1680 3145 de
1701 3082 1822 3168 quibus
1844 3093 1941 3149 vetus
1964 3091 2017 3142 est
2037 3075 2096 3143 ille
2117 3099 2255 3147 versnsz

471 3173 542 3240 unt,
564 3183 630 3249 quo
653 3165 746 3229 caeci
764 3167 905 3314 imqretus
927 3165 1074 3245 trahunt,
1095 3179 1213 3251 postea
1228 3163 1406 3233 haerentes
1418 3166 1452 3230 in

470 3248 601 3333 poenis,
619 3259 783 3315 conantur
819 3270 919 3315 ucare
938 3263 1090 3337 peecata.
1120 3250 1292 3325 Quaerunt
1312 3271 1451 3317 excusa·
1541 3248 1686 3318 ctertoo
1707 3254 1894 3335 mactatae,
1916 3255 1975 3315 aaa
1995 3256 2044 3315 est
2059 3245 2186 3332 lotam,
2203 3258 2261 3316 ont
2279 3250 2462 3335 melones

470 3334 579 3399 tiones
602 3343 659 3398 aut
681 3337 933 3402 extenuationes
957 3334 1152 3403 delictorum
1173 3357 1321 3403 suorum.
1806 3361 1814 3381 ⁰

555 3417 593 3483 in
615 3419 680 3485 isto
703 3420 845 3506 prodigo
863 3423 1055 3507 magnitudo
1078 3421 1205 3488 doloris
1227 3423 1373 3490 breviter
1394 3423 1452 3486 dc·
1501 3418 1691 3488 Utebantur'
1713 3431 1823 3489 antem
1844 3419 1979 3491 annulis
2001 3422 2101 3487 etiam
2111 3422 2144 3485 in
2155 3421 2484 3507 desponsationibus,

471 3504 598 3589 scripta
615 3517 668 3568 est
690 3501 742 3569 his
765 3507 899 3570 verbis:
920 3511 993 3573 Non
1013 3528 1085 3573 rum
1106 3509 1225 3588 dionae
1247 3511 1452 3588 wcontlltus
1501 3506 1577 3572 ideo
1610 3506 1752 3574 habetur
1771 3531 1834 3595 pro
1856 3511 1955 3597 signo
1976 3505 2072 3571 fidei.
2114 3505 2263 3571 Pertinet
2284 3507 2351 3570 huc
2373 3510 2485 3593 igitur,

469 3597 554 3656 tom.
586 3587 702 3655 Talem
722 3588 979 3657 humiliationem
1003 3603 1036 3657 et
1056 3592 1296 3657 subiectionem
1317 3594 1453 3678 requirit
1526 3594 1595 3658 uod
1617 3595 1649 3658 in
1676 3596 1769 3660 Osca
1792 3595 1924 3660 dicitur:
1966 3590 2182 3675 Desponsata
2205 3598 2236 3654 te
2255 3591 2334 3655 mihi
2353 3595 2388 3655 in
2407 3594 2484 3678 fide.

471 3674 567 3743 Deus
590 3696 611 3739 a
631 3676 880 3758 peccatoribus.
925 3674 1119 3764 Cogitemus
1141 3696 1244 3762 saepe
1261 3678 1327 3743 ista
1348 3680 1381 3743 in
1403 3677 1452 3742 in·
1503 3614 1628 3743 hanins
1650 3681 1798 3745 nominat
1810 3679 1969 3766 Spiritum
1990 3688 2141 3741 sanctum
2164 3676 2312 3756 arrham,
2334 3679 2390 3762 qui
2408 3699 2484 3763 per·

470 3761 659 3825 vocatione.
703 3759 747 3825 Et
780 3761 867 3827 sicut
898 3763 962 3828 iste
994 3763 1156 3850 prodigus
1179 3765 1278 3828 etiam
1300 3765 1334 3829 in
1354 3761 1453 3842 same,
1502 3766 1595 3830 hibet
1615 3768 1714 3831 nobis
1736 3769 1958 3831 testimonium
1978 3758 2269 3827 reconciliationis.

473 3864 674 3933 quamquam
692 3847 841 3932 graviter
860 3849 1013 3930 peccavit
1034 3861 1151 3914 contra
1171 3861 1313 3933 patrem;
1343 3861 1453 3914 tamen
1590 3848 1827 3918 Calceamenta
1847 3848 2037 3938 significant
2058 3866 2161 3931 opera
2182 3847 2379 3912 vocationis.
2417 3848 2485 3917 Ve·
2582 3894 2586 3901 -

471 3931 574 3998 audet
594 3931 638 3996 ad
660 3951 736 3996 eum
756 3933 934 3999 accedere:
972 3938 1020 4001 ita
1041 3954 1106 3999 nos
1127 3936 1226 3999 etiam
1248 3935 1452 4020 cogitemust
1503 3946 1594 4001 teres
1622 3958 1690 4001 nou
1723 3937 1913 4003 habuerunt
1933 3931 2073 4019 caligas,
2101 3933 2189 3997 sicut
2210 3953 2284 3999 nos.
2328 3934 2384 3995 Se'e
2404 3939 2486 3998 aaut

471 4014 544 4081 Ant
577 4017 725 4101 graviter
745 4020 971 4102 peccavimus,
994 4018 1057 4084 sed
1079 4031 1191 4086 tamen
1211 4017 1374 4086 habemus
1395 4041 1453 4106 pa·
1504 4027 1538 4082 ia
1559 4023 1673 4102 stiffoin
1694 4044 1828 4105 puerpera.
1873 4021 1910 4087 ln
1944 4018 2162 4088 concionibus
2184 4017 2396 4104 Evangelicis
2418 4034 2486 4107 est:

471 4113 568 4179 trem,
589 4103 690 4187 idque
710 4124 771 4187 per
793 4102 909 4170 Filium
930 4105 1158 4185 mediatorem,
1179 4107 1209 4170 is
1231 4126 1285 4172 me
1305 4106 1454 4191 recipiet,
1504 4107 1599 4174 State
1619 4112 1763 4176 calceati.
1798 4107 1875 4174 Nun
1896 4104 1968 4173 vult
1990 4116 2085 4189 pater
2105 4101 2208 4169 lilium
2228 4105 2386 4191 deinceps
2410 4124 2488 4172 esse

473 4190 562 4253 sicut
584 4188 705 4253 dicitur
725 4189 850 4273 Ephes.
862 4191 892 4255 3.
914 4195 982 4258 Per
1002 4212 1093 4274 quem
1114 4196 1269 4259 habemus
1289 4211 1455 4258 accessum
1506 4195 1659 4275 otiosum,
1693 4197 1769 4281 quia
1791 4195 1893 4260 otium
1914 4194 2001 4279 parit
2028 4190 2123 4256 vitia:
2168 4202 2217 4270 et,
2239 4190 2388 4251 liorninee
2407 4191 2491 4253 rodii

472 4294 541 4340 cren
578 4274 707 4354 lidum'a.
750 4275 813 4340 Est
845 4277 1015 4360 emphasis
1047 4279 1080 4343 in
1111 4290 1254 4364 utroque
1274 4276 1454 4357 vocabulo,
1507 4281 1648 4361 comedo,
1678 4280 1758 4343 mule
1789 4301 1882 4362 opere
1913 4281 2047 4342 discrmt.
2091 4274 2183 4340 Nihil
2203 4276 2312 4341 nrinus
2334 4274 2413 4342 utile
2434 4289 2488 4343 est

472 4360 654 4444 προςαγωγὴ
677 4372 712 4424 et
731 4361 898 4449 παῤῥῃσία,
922 4363 1012 4447 qnod
1033 4360 1117 4427 alias
1135 4362 1302 4450 significat
1322 4364 1455 4430 andacl-
1505 4364 1642 4445 homini,
1687 4369 1905 4446 nantolium,
1937 4380 1970 4434 et
1992 4363 2189 4449 praesertim
2211 4364 2320 4428 otiosa
2341 4362 2487 4428 multitu·

472 4456 528 4511 unu
550 4444 812 4525 immoderatam,
835 4450 897 4513 sed
918 4448 974 4513 hic
994 4448 1028 4513 in
1050 4447 1150 4515 lande
1171 4451 1314 4534 ponitur.
1507 4454 1583 4517 dine
1604 4389 1687 4518 nihil
1708 4466 1762 4519 est
1783 4454 1942 4518 deterius.
1986 4452 2064 4515 ideo
2072 4448 2215 4598 qnidam
2238 4449 2334 4513 dixit:
2356 4448 2488 4512 Exad-

560 4529 629 4595 lste
649 4550 755 4596 senex
776 4534 894 4618 recipit
915 4531 1030 4613 filium,
1051 4536 1122 4599 acsi
1138 4557 1305 4623 nunqnam
1316 4555 1456 4621 peccas·
1507 4545 1570 4599 tom
1591 4543 1734 4616 otiamur,
1756 4559 1823 4601 esse
1843 4540 2028 4605 incendium·
2106 4530 2154 4597 ult
2174 4532 2269 4599 Deus
2291 4536 2387 4619 sequi
2415 4530 2487 4601 ddi·

472 4626 537 4683 set.
571 4614 646 4682 Hoc
667 4637 822 4703 magnum
844 4630 898 4685 est
919 4621 1084 4705 quiddam.
1117 4621 1226 4688 Homo
1249 4642 1354 4708 agens
1377 4642 1456 4707 poe·
1531 4623 1652 4689 entiam
1674 4626 1708 4689 in
1729 4623 1901 4689 laboribus
1919 4619 2114 4688 vocationis.
2145 4618 2286 4703 imponit
2296 4622 2391 4686 Adae
2408 4631 2489 4706 post

473 4702 646 4770 nitentium
668 4703 714 4769 ita
738 4715 790 4769 est
811 4715 972 4790 acceptus
988 4703 1077 4785 Deo,
1099 4710 1194 4792 quasi
1217 4728 1387 4794 nunquam
1408 4704 1456 4772 la·
1507 4644 1639 4792 lapsum
1662 4708 1814 4775 laborem
1837 4706 1998 4774 colendae
2020 4718 2143 4783 terrae,
2165 4724 2251 4790 quae
2274 4708 2421 4791 paritura
2440 4708 2489 4773 sit

475 4809 559 4876 psus
582 4799 684 4855 esset.
722 4788 801 4856 ideo
823 4790 879 4856 hic
899 4791 991 4857 iubet
1012 4804 1107 4875 pater
1126 4792 1247 4859 afferre
1267 4793 1402 4872 stolam,
1423 4804 1457 4858 et
1507 4791 1700 4865 eitribulos
1721 4806 1756 4860 et
1775 4794 1903 4881 spinas.
1947 4788 2073 4859 Paulus
2096 4791 2194 4858 etiam
2217 4793 2308 4858 dicite
2353 4792 2487 4875 Costipo

390 4950 396 4959 ‚
473 4877 607 4964 quidem
638 4874 693 4956 τήν
723 4877 858 4963 πρώτην.
901 4875 1071 4945 Potuisset
1103 4879 1232 4945 dicere=
1258 4885 1456 4965 pretiomst·
1506 4901 1631 4963 corpor,
1649 4889 1680 4944 et
1699 4883 1734 4943 io
1753 4883 1929 4943 sevitutem
1947 4881 2070 4961 oedipo.

472 4982 570 5048 mono,
591 4959 647 5028 vel
667 4966 943 5044 conm'dtsobncm,
964 4976 1024 5031 aut
1045 4962 1142 5031 simili
1162 4964 1275 5051 aliquo
1289 4962 1456 5049 vocabulo
1592 4965 1744 5045 Vitulus,
1756 4969 1820 5053 'qui
1841 4978 2021 5048 mactatur,
2043 4961 2211 5052 significat
2230 4960 2488 5033 immolationem

472 5051 538 5126 nti,
572 5050 635 5114 sed
667 5050 770 5129 dicit,
784 5057 943 5135 pronon:
974 5049 1081 5119 voluit
1103 5072 1178 5118 curn
1199 5050 1364 5139 singulari
1391 5064 1457 5117 mn·
1506 5051 1576 5132 filii,
1594 5073 1680 5138 quae
1700 5051 1766 5119 fide
1786 5051 2069 5139 apprehendenda
2089 5064 2153 5129 est,
2175 5062 2210 5114 et
2232 5052 2324 5116 initio
2347 5071 2489 5117 conver·

472 5136 572 5224 phasi
605 5136 657 5201 sic
688 5133 798 5223 loqui,
829 5150 867 5204 ut
898 5136 1106 5224 significetur
1132 5139 1225 5203 reddi
1246 5139 1345 5204 nobis
1365 5138 1456 5202 dona
1506 5138 1623 5218 sionis,
1646 5153 1681 5205 et
1701 5149 1821 5224 postea
1842 5159 1976 5225 semper
1996 5142 2031 5205 in
2053 5141 2142 5203 omni
2164 5138 2242 5202 vita.
2285 5134 2408 5224 Cogita
2429 5159 2488 5209 an-

473 5223 609 5289 amissa.
652 5221 745 5291 llaec
778 5235 858 5289 sunt
889 5225 1044 5290 remissio
1065 5237 1291 5310 peccatorum,
1324 5233 1455 5288 etcum
1505 5236 1583 5299 tem,
1616 5236 1741 5311 quanta
1772 5225 1858 5290 haec
1890 5228 1934 5291 sit
1965 5227 2098 5292 bonitas
2119 5223 2201 5302 Dei,
2236 5225 2489 5309 quodpropter

472 5308 686 5390 remissione,
706 5311 877 5395 imputatio
899 5310 1054 5390 iustitiae,
1075 5322 1110 5376 et
1132 5332 1207 5377 cum
1228 5308 1456 5394 imputatione,
1505 5312 1605 5376 istum
1625 5308 1729 5377 lilium
1749 5313 1939 5399 prodigum,
1960 5323 1995 5377 et
2015 5322 2150 5460 propter
2170 5330 2246 5390 nos,
2269 5312 2326 5396 qni
2346 5312 2377 5375 ei
2399 5311 2488 5376 sirni-

474 5396 612 5463 donatio
635 5396 780 5484 Spiritus
803 5397 923 5475 sancti,
955 5395 1011 5482 qni
1032 5394 1169 5462 inchoat
1189 5398 1224 5463 in
1245 5396 1346 5462 nobis
1363 5397 1457 5462 novi·
1506 5394 1558 5463 les
1577 5417 1709 5476 sumus,
1732 5395 1837 5462 voluit
1857 5398 1996 5462 mactari
2043 5392 2143 5461 ilium.

473 5495 587 5562 tatem,
610 5493 852 5590 congruentem
874 5503 950 5549 cum
970 5481 1114 5568 imagine
1124 5479 1201 5569 Dei,
1221 5484 1266 5551 ad
1286 5500 1387 5569 quarn
1399 5500 1456 5548 sn·
1592 5481 1630 5546 in
1652 5480 1719 5548 fine
1746 5484 1866 5550 dicitur
1888 5483 1930 5548 de
1951 5482 2051 5546 attero
2068 5481 2139 5563 filio
2161 5481 2302 5564 seopulis
2345 5481 2415 5548 Iste
2431 5493 2488 5549 est

473 5589 548 5639 mus
569 5570 706 5639 munita
1506 5564 1652 5656 populus
1683 5566 1781 5657 legia,
1813 5570 1871 5655 qui
1902 5567 1974 5635 vnit
2005 5564 2207 5637 antecellere
2233 5569 2400 5656 gentibus.
2442 5568 2489 5653 lit
