5934 6709
479 706 546 776 Uli
1115 704 1231 771 Pffll..
1252 703 1358 771 ttst..
1380 703 1570 772 sctum
1591 702 1856 772 EXEGETIGA.
2432 696 2502 771 Μ

482 895 530 960 ita
553 892 708 981 paulatim
731 896 889 959 tenebrae
910 889 1073 977 depulsae
1094 903 1187 969 sunt,
1210 905 1244 958 et
1266 890 1391 980 aliquid
1413 891 1461 960 lu·
1514 905 1727 980 oppugnatur
1747 895 1881 959 veritas.
1939 891 2118 958 Pontiiioes
2152 902 2348 979 oppugnant
2376 891 2499 957 verita·

483 983 532 1048 cis
555 993 705 1046 exortum
728 992 791 1059 est,
811 982 845 1045 in
867 977 942 1044 aliis
963 976 1039 1063 plns
1062 977 1158 1057 lucis,
1182 981 1213 1042 in
1243 977 1318 1043 aliis
1340 979 1460 1044 minas.
1513 989 1579 1045 tem
1613 983 1646 1044 in
1679 977 1960 1044 manifestissimis
1988 981 2114 1057 rebus,
2141 989 2275 1045 tuentur
2308 989 2342 1042 et
2376 976 2500 1043 confir·

568 1067 841 1144 Fundamentum,
864 1067 906 1130 de
927 1085 993 1150 quo
1015 1063 1141 1130 Paulus
1170 1065 1271 1144 dicit,
1306 1077 1339 1129 et
1394 1065 1460 1129 uod
1514 1077 1605 1130 mant
1621 1064 1724 1145 idola,
1745 1064 1988 1130 invocationem
2011 1076 2235 1143 mortuorum,
2265 1064 2402 1148 impiam
2422 1064 2499 1129 nris·

481 1150 1305 1303 itti“iitti‘iiiifflittitt.i⁰‘iit²
1326 1087 1462 1302 “titt
1512 1153 1941 1304 iimidildiiiaiim
1957 1146 2499 1304 hiitth.t⁸¹aitftt³ti

481 1324 635 1389 doctrina
658 1323 700 1389 de
724 1282 924 1389 remissione
957 1334 1196 1408 peccatorum,
1229 1324 1271 1388 da
1298 1257 1387 1401 fiili,
1420 1323 1462 1389 de
1513 1257 1669 1388 satistatis
1687 1282 1910 1389 libidinibus’
1933 1258 2069 1390 iustae¹
2090 1334 2170 1390 sunt
2200 1324 2300 1389 etiam
2330 1324 2367 1388 in
2384 1320 2499 1390 Eccle-

481 1411 653 1496 agnitione
676 1407 735 1474 lilii
756 1409 839 1488 Dei,
867 1422 986 1493 postea
1019 1430 1122 1493 super
1153 1406 1235 1474 illud
1269 1405 1462 1474 fundamen·
1513 1411 1563 1474 sia
1585 1407 1708 1475 multae
1730 1409 1952 1490 infirmitates,
1974 1406 2129 1495 stipulae,
2152 1428 2294 1475 errores.
2341 1404 2427 1475 lllae
2453 1409 2499 1475 in·

480 1509 550 1561 tum
573 1497 759 1562 admiscent
780 1494 837 1560 alii
859 1492 983 1583 aliquid
1007 1491 1218 1600 stipularum:
1240 1496 1327 1559 sicut
1350 1496 1462 1582 Augu·
1514 1494 1686 1562 finnitates
1718 1497 1753 1560 in
1785 1497 1913 1561 sanctis
1947 1496 2189 1562 condonantur.
2234 1492 2392 1579 Apostoli
2425 1496 2498 1561 reti·

481 1583 590 1646 stinns
613 1583 714 1647 habet
737 1580 890 1668 proiecto
914 1584 997 1647 satis
1020 1578 1230 1666 stipularum,
1246 1580 1461 1664 hatoielpau·
1513 1595 1656 1647 nuerunt
1679 1593 1757 1667 post
1767 1579 1893 1647 Christi
1915 1582 2205 1662 resurrectionem,
2228 1579 2310 1647 illud
2333 1582 2500 1649 somnium

482 1668 668 1732 ctetwmts
688 1670 744 1730 mit
766 1670 837 1730 dem
867 1667 1080 1733 Monachatu.
1134 1667 1352 1732 Benrhardus
1384 1665 1461 1752 plus
1514 1668 1556 1733 de
1578 1689 1685 1755 regno
1708 1668 1894 1746 mundano,
1911 1669 2010 1733 etiarn
2033 1680 2112 1754 post
2142 1679 2318 1753 acceptum
2341 1669 2499 1753 Spiritum

481 1754 582 1818 habet
614 1752 808 1841 stipularum
843 1767 877 1820 et
909 1775 1071 1820 errorum.
1126 1752 1245 1820 Cultus
1268 1765 1460 1819 sanctorum
1512 1766 1689 1834 sanctum,
1723 1754 1832 1820 donec
1864 1773 1959 1818 error
1979 1755 2113 1841 penitus
2142 1751 2296 1820 sublatus
2318 1767 2384 1820 est.
2427 1754 2498 1820 Nos

480 1845 523 1903 ist
544 1842 602 1925 bey
623 1841 684 1902 ihm
707 1843 790 1906 satis
813 1861 867 1907 ma
894 1861 967 1906 nus.
1015 1840 1190 1926 Vngantnr
1211 1860 1345 1906 errores
1362 1840 1461 1905 mise·
1536 1860 1647 1926 noque
1668 1842 1828 1906 debemus
1851 1839 2026 1926 proficere,
2049 1840 2208 1907 debemus
2230 1841 2400 1926 inquirere
2428 1838 2498 1908 lun

480 1925 629 1992 rabiliter
675 1946 712 1992 er
734 1948 841 2011 genus
869 1861 1051 1992 lumanum
1063 1972 1074 2006 ,
1105 1938 1140 1992 et
1172 1940 1283 1993 tannen
1316 1927 1461 1991 sciamus
1512 1861 1667 1991 llurnenta
1689 1928 1872 1992 doctrinae.
1916 1926 2072 2008 Iafinmaa
2093 1928 2128 1987 ia
2144 1927 2230 2008 fida,
2265 1928 2433 2000 assumite,
2454 1929 2497 1992 in

480 2034 560 2079 csse
579 2013 629 2078 Ec
663 2013 779 2093 esiam,
797 2014 854 2079 ubi
876 2014 1035 2078 retinetur
1052 2010 1314 2091 fundamentum,
1330 2014 1387 2078 ubi
1408 2023 1461 2077 est
1513 2013 1582 2099 quit
1605 2012 1741 2079 Paulus.
1786 2012 1950 2093 Infinacm,
1973 2008 2104 2077 scilicet
2149 2014 2247 2078 nisit
2269 2008 2405 2091 docilis,
2434 2011 2497 2078 dis·

481 2096 634 2164 doctrina
655 2098 742 2186 legis
764 2110 797 2164 et
818 2097 992 2187 Evangelii
1015 2120 1099 2185 pura
1121 2111 1155 2164 et
1175 2100 1368 2185 incorrupta
1381 2144 1391 2177 ,
1426 2109 1461 2164 et
1513 2110 1578 2178 cat,
1600 2101 1753 2184 proficiat
1775 2101 1807 2163 in
1830 2100 2000 2185 agnitione
2029 2096 2103 2163 Filii
2160 2099 2201 2163 ei.
2256 2096 2332 2160 Nan
2365 2099 2427 2161 das
2457 2102 2497 2162 bt
2550 2090 2563 2114 ‘

480 2186 634 2251 doctrina
657 2187 699 2250 de
719 2183 870 2250 articulis
889 2185 976 2265 fidei,
997 2199 1030 2250 et
1062 2205 1146 2251 usus
1169 2186 1460 2253 sacramentorum
1513 2186 1567 2246 dte
1589 2186 1742 2250 doctrina
1763 2182 1862 2250 huius
1884 2183 2071 2291 Evangelii.
2115 2184 2287 2251 Fortassis
2309 2181 2415 2251 lectio
2442 2186 2496 2252 ho·

479 2293 584 2358 purus
607 2284 641 2337 et
658 2275 929 2357 incorruptus,et
950 2284 1083 2338 tenetur
1103 2270 1161 2337 illa
1183 2270 1254 2350 lus,
1271 2272 1360 2356 quod
1383 2291 1461 2357 pro·
1512 2273 1564 2338 ius
1586 2268 1761 2376 Evangelii
1784 2283 1837 2336 est
1859 2271 1938 2338 huic
1960 2273 2025 2361 drei
2046 2271 2313 2352 accommodata,
2336 2273 2418 2361 quia
2447 2282 2497 2338 ast

479 2369 554 2442 pter
575 2356 676 2423 filium
698 2357 762 2423 Dei
784 2358 967 2423 habeamus
991 2359 1219 2423 remissionem
1242 2371 1460 2443 peccatorum
1511 2366 1643 2444 tempus
1665 2360 1808 2424 vicinum
1831 2358 1971 2442 tempori
1993 2354 2249 2424 Encaeniornm.

479 2445 676 2530 gratuitam,
712 2454 745 2508 et
776 2444 991 2511 exaudiamur
1023 2456 1161 2529 propter
1194 2464 1285 2511 eum:
1317 2446 1459 2509 vitemus

478 2530 577 2595 etiam
598 2527 753 2614 stipules,
775 2530 917 2595 vitemus
944 2549 1101 2610 errores,
1134 2530 1191 2616 qui
1223 2532 1460 2616 insperguntur
1738 2546 1832 2643 Was
1859 2547 2021 2644 plemen
2051 2546 2283 2644 Emeum?

361 2631 363 2634 ’
478 2636 679 2703 quocunqne
700 2626 859 2701 tempore.

565 2701 624 2768 Sic
645 2701 863 2788 agnoscenda
897 2715 950 2767 est
971 2699 1126 2769 Ecclesia
1160 2723 1202 2768 ex
1229 2722 1315 2767 voce
1336 2702 1459 2766 doctri·
1597 2700 1896 2784 Kirclteraaoeihamp:
1918 2699 2226 2768 fuitmemoriatem
2252 2698 2275 2766 li
2292 2703 2494 2768 consecrati.

478 2807 552 2853 nae.
596 2788 691 2854 Sicut
713 2788 848 2854 dicitnr:
867 2787 948 2851 Ocea
968 2808 1052 2850 neae
1074 2809 1177 2851 oacsm
1199 2809 1293 2848 meam
1315 2788 1459 2852 aadiwtt.
1512 2788 1558 2851 Es
1579 2788 1676 2850 adast
1697 2795 1786 2850 scrut
1807 2787 1888 2849 auch
1910 2787 2099 2868 Dedicatio,
2117 2789 2205 2874 quod
2228 2789 2239 2851 i
2266 2808 2286 2853 a
2310 2788 2435 2854 domus
2454 2788 2497 2854 sit

478 2873 529 2940 lbi
550 2873 657 2940 hahes
679 2874 908 2960 probationem
930 2875 1153 2960 perspicuam.
1197 2872 1292 2939 item:
1324 2873 1363 2935 Si
1390 2877 1461 2956 quis
1512 2876 1670 2941 attributa
1692 2875 1884 2939 ministerio.
1931 2873 1968 2939 in
1992 2873 2121 2961 Papatu
2142 2874 2217 2935 tired
2238 2876 2494 2960 superstitiones

479 2960 590 3042 diligit
611 2982 666 3032 me,
689 2980 854 3022 samonem
875 2979 971 3022 maan
992 2962 1135 3022 servabit.
1181 2959 1379 3027 lstaoerunt
1401 2980 1460 3025 no·
1511 2961 1649 3026 darom
1669 2960 1856 3043 peloramea,
1878 2971 2037 3044 acceptae
2052 2961 2173 3047 partim
2194 2962 2237 3026 ab
2259 2958 2409 3040 ludaeis,
2426 2980 2494 3048 par·

479 3054 534 3112 tae
556 3043 743 3112 Ecclesiae.
789 3046 866 3108 Alsa
887 3054 973 3128 'sapt
1007 3045 1150 3110 Christus
1181 3046 1233 3106 tie
1266 3045 1363 3110 auch:
1398 3044 1461 3108 Ubi
1510 3048 1567 3113 tim
1590 3048 1632 3112 ab
1654 3045 1815 3111 Ethnicis.
1859 3044 1983 3112 Tamen
2017 3048 2197 3133 antiquitas
2230 3043 2341 3112 voluit
2374 3048 2494 3114 discer-

479 3131 626 3204 cadam
648 3133 695 3193 ih·
716 3140 946 3214 coamantes
968 3133 1114 3214 aqrtilae,
1147 3132 1179 3198 id
1213 3142 1287 3209 est,
1322 3143 1461 3217 quaerat
1510 3154 1592 3199 nere
1624 3146 1689 3199 tem
1715 3130 1750 3197 la
1782 3155 1801 3198 a
1836 3134 1989 3199 domibus
2015 3133 2177 3218 prolenis.
2239 3132 2342 3198 ludas
2363 3132 2494 3201 Macco·

478 3215 633 3283 Ecclesia
655 3215 758 3283 lilium
781 3217 843 3285 Dei
865 3220 1083 3298 incarnatum,
1107 3215 1321 3298 crucifixum,
1354 3231 1386 3284 et
1408 3238 1460 3283 re·
1510 3222 1615 3286 baeus
1649 3155 1832 3285 celebravit
1864 3216 2032 3285 Encacnia
2052 3220 2106 3283 to.
2138 3220 2192 3284 die
2213 3221 2341 3284 mensis
2363 3219 2494 3286 Kisleut

479 3306 690 3384 suscitatum,
713 3325 788 3370 eum
810 3317 987 3392 agnoscat,
1000 3307 1043 3370 ita
1066 3306 1265 3371 servabitur.
1309 3304 1386 3369 Non
1408 3315 1461 3369 est
1511 3308 1589 3393 quia
1612 3326 1653 3371 eo
1676 3306 1728 3370 die
1751 3318 1984 3389 recuperatum
2006 3318 2059 3371 est
2077 3302 2493 3390 templumahlaccabaeo,

479 3389 619 3477 alligata
641 3388 948 3476 Constantinopoli,
971 3390 1121 3471 Romae,
1155 3390 1327 3469 Venetiis,
1356 3388 1460 3456 Wite·
1511 3406 1544 3459 et
1562 3403 1789 3479 repurgatum,
1813 3412 1887 3457 cum
1910 3391 2052 3457 triennio
2074 3391 2194 3457 fuisset
2221 3391 2405 3479 intemplo
2427 3388 2493 3458 ido·

478 3478 617 3563 bergae,
638 3475 695 3542 vel
716 3474 874 3562 Lipsiae,
908 3474 963 3542 vel
997 3478 1184 3563 cuicunque
1217 3478 1366 3555 civitati,
1399 3476 1460 3540 sed
1509 3477 1589 3546 lum.
1635 3477 1820 3558 Derselbt‘pe
1840 3496 1953 3558 prosae
1970 3478 2102 3540 Icanaer
2130 3482 2174 3540 a'st
2202 3477 2282 3539 caah
2304 3480 2419 3566 imago
2441 3496 2492 3564 po

478 3565 667 3647 ubicunque
689 3574 786 3629 sonat
809 3583 876 3626 vox
898 3564 1071 3629 doctrinae
1092 3566 1307 3647 incorrupta,
1339 3562 1386 3628 ibi
1407 3574 1462 3627 est
1511 3566 1624 3629 stremi
1659 3565 1817 3647 temporis
1851 3565 1973 3629 mundi.
2040 3564 2229 3631 Antiochus
2264 3562 2493 3631 collocaverat

478 3646 634 3714 Ecclesia
650 3647 729 3728 Dei,
750 3660 783 3712 at
804 3650 838 3712 in
855 3645 914 3713 illo
937 3661 1035 3715 coctu
1053 3663 1131 3714 sunt
1152 3647 1253 3734 aliqui
1288 3647 1404 3727 electi,
1427 3660 1461 3716 et
1510 3662 1652 3716 statuam
1675 3650 1763 3715 lovis
1786 3647 1931 3800 Olympii
1953 3653 1986 3714 in
2008 3650 2143 3736 templo,
2165 3663 2199 3715 et
2220 3646 2360 3717 volebat
2382 3648 2491 3717 delere

479 3736 640 3800 dehemus
663 3755 725 3801 nos
747 3735 967 3814 invocatione,
990 3732 1216 3816 confessione,
1233 3737 1322 3801 votis
1344 3735 1460 3800 adiun·
1510 3748 1615 3803 totam
1637 3734 1843 3824 religionem.
1904 3738 1935 3801 bi
1958 3737 2113 3802 excitavit
2124 3735 2218 3803 Deus
2240 3738 2368 3802 bonum
2392 3737 2492 3803 homi·

479 3841 561 3907 gere
582 3818 631 3884 illi
653 3819 840 3899 Ecclesiae,
861 3822 1052 3908 ubicunque
1074 3823 1117 3885 sit
1144 3822 1179 3886 in
1202 3833 1272 3888 toto
1296 3821 1379 3888 orbe
1395 3832 1459 3886 ter·
1510 3843 1598 3902 nem,
1621 3822 1682 3884 dea
1700 3825 1850 3901 fraaaaen
1862 3822 1958 3882 Maca
1970 3821 2188 3902 blattathiam,
2199 3833 2233 3889 et
2249 3836 2370 3907 postea
2392 3821 2490 3889 lilium

479 3927 599 3972 rarum.
1511 3911 1607 3989 eius,
1640 3909 1754 3975 ladam
1787 3907 2037 3974 Maccabaeum.
2081 3909 2210 3975 Nomen
2243 3921 2297 3975 est
2329 3930 2351 3976 a
2380 3908 2490 3975 literis.

567 3991 627 4056 Est
648 3991 817 4057 horrenda
833 4012 914 4071 vox,
936 3993 1025 4078 qood
1048 3991 1103 4057 hic
1125 3993 1260 4060 dicitur:
1283 3992 1460 4060 Abomina·
1510 3996 1576 4057 Die
1596 3994 1651 4056 hat
1670 4016 1704 4056 er
1725 3998 1767 4054 im
1790 3994 1930 4072 febrilem
1963 3996 2092 4077 poliat,
2124 3999 2182 4059 tote
2211 3995 2270 4079 bey
2291 4015 2362 4077 tots,
2386 3995 2430 4059 V.
2449 3993 2491 4060 l).

479 4080 525 4145 tio
547 4078 649 4144 stabit
670 4080 703 4143 in
720 4075 799 4142 loco
820 4088 951 4143 sancto.
996 4079 1066 4141 Das
1094 4078 1301 4144 schumlr'che
1324 4076 1461 4158 idolum,
1510 4079 1913 4147 nt.1.ht=:.ate0tram
1934 4086 1981 4143 ete
1995 4081 2175 4164 petractata
2192 4081 2317 4148 literas.
2360 4080 2490 4147 Macca-

478 4165 512 4230 ld
536 4177 599 4244 est,
621 4165 711 4252 impii
733 4160 856 4242 cultus,
878 4174 963 4230 tetra
985 4162 1092 4246 idola,
1116 4176 1149 4230 et
1172 4163 1368 4232 defensares
1390 4165 1461 4230 ido·
1512 4168 1587 4233 baei
1609 4168 1683 4229 sind
1703 4186 1840 4249 pervetere
1862 4178 1940 4232 ante
1962 4169 2162 4232 nativitatem
2186 4166 2330 4248 Christi,
2351 4170 2488 4251 προία-

479 4249 600 4330 lorum,
622 4250 749 4339 Reges,
772 4249 968 4337 Principes,
992 4249 1198 4332 Pontifices,
1226 4253 1294 4314 aad
1325 4255 1383 4316 soie
1414 4254 1462 4312 ete
1511 4253 1574 4316 Βοὴ
1607 4254 1665 4339 dep
1697 4253 1883 4316 anderthalb
1916 4254 2050 4318 tandm
2082 4253 2199 4317 storea
2255 4254 2326 4320 lsta
2353 4254 2490 4320 historie

479 4338 621 4408 heissea,
655 4357 698 4424 op
724 4348 897 4403 resserunt
924 4335 1122 4404 Ecclesiam.
1187 4338 1264 4404 Non
1297 4351 1351 4405 est
1384 4335 1460 4404 talis
1513 4338 1786 4407 commonefaciat
1808 4361 1873 4405 nos
1897 4341 1940 4405 de
1967 4340 2109 4405 miseriis
2141 4353 2345 4427 temporum:
2375 4341 2422 4403 da
2450 4344 2491 4402 ot

479 4424 614 4508 species
637 4422 685 4488 Ec
720 4425 824 4502 esiae,
870 4421 979 4490 nalem
1001 4423 1089 4491 oculi
1115 4426 1297 4511 requirnnt.
1341 4424 1461 4490 Liben·
1512 4427 1592 4491 cuch
1613 4425 1768 4493 Ecclesia
1787 4427 1878 4489 eleari
1899 4427 2082 4507 pertundes,
2105 4427 2200 4513 quasi
2223 4437 2318 4492 esset
2344 4423 2490 4493 funditus

480 4519 532 4575 ter
565 4511 754 4576 videremus
787 4444 974 4577 Ecdlesiam
1013 4508 1151 4596 pulchre
1184 4512 1395 4578 constitutam
1427 4511 1461 4576 in
1512 4513 1644 4594 deleta,
1675 4527 1708 4579 et
1739 4524 1851 4579 tamen
1885 4526 1938 4578 est
1970 4523 2114 4578 servata.
2172 4513 2218 4577 ita
2247 4530 2491 4601 huncquoque

479 4606 574 4664 certo
596 4596 709 4682 aliquo
731 4594 821 4660 ioco.
865 4593 962 4663 Multi
994 4599 1092 4663 etiam
1121 4598 1222 4662 armis
1246 4595 1362 4663 volunt
1384 4617 1462 4662 con-
1513 4600 1607 4666 Deus
1629 4600 1779 4666 servabit
1800 4597 2004 4675 Ecclesiam,
2037 4601 2098 4663 sad
2132 4601 2177 4664 ita
2211 4600 2429 4678 servabitur,
2457 4606 2491 4665 rt

479 4683 636 4757 stituere3
653 4681 714 4747 sed
736 4701 804 4746 non
827 4683 890 4748 erit
911 4680 997 4748 hoc:
1041 4681 1088 4743 Es
1110 4685 1184 4747 atre
1210 4684 1314 4749 rachis
1335 4684 1460 4748 draass.
1512 4683 1606 4752 molti
1634 4684 1816 4765 tollantur,
1850 4698 1884 4752 at
1915 4683 2148 4751 miserabiliter
2180 4696 2330 4771 pereant.
2384 4685 2491 4753 sinas

479 4767 551 4831 Das
571 4772 614 4833 ist
636 4769 690 4831 dte
708 4768 862 4835 doctrina
884 4769 926 4832 de
1014 4769 1116 4834 itione
1137 4767 1325 4849 Ecclesiae,
1347 4769 1462 4836 videli·
1511 4773 1613 4861 igitur
1634 4771 1887 4859 diligentiores,
1921 4773 2108 4839 communia
2139 4770 2289 4858 pericula
2307 4771 2387 4838 Deo
2408 4790 2493 4840 eom·

479 4857 644 4942 estquod
672 4856 869 4946 agnoscitur
899 4854 970 4919 Eoo
983 4857 1053 4922 esia
1087 4865 1215 4921 tantum
1247 4876 1335 4923 voce
1351 4855 1462 4923 Even-
1512 4860 1719 4938 mendemns,
1742 4869 1775 4923 et
1797 4878 1944 4936 oremus,
1966 4871 2003 4923 ut
2023 4854 2112 4921 mala
2135 4858 2279 4943 mitiget;
2312 4859 2492 4944 sicutipse

478 4938 597 5115 geegh
613 4943 649 5006 Si
671 4941 728 5091 qpi
747 4938 1266 5115 pgpeppppnfflpffielfflm
1299 4940 1462 5090 bpbemus
1512 4943 1801 5098 Βῖιιιίιιαέίᾱίξίῑί
1820 4945 1930 5096 Orotg,
1951 4953 1987 5007 ut
1999 4946 2137 5096 graffiis
2158 4945 2293 5027 effugere
2308 4946 2376 5008 teta
2397 4943 2492 5098 mint

599 5050 724 5094 maa
1094 5050 1105 5088 t
1233 5048 1462 5104 caen,aaa·
1536 5051 2043 5098 narecormenentnr
2117 5052 2200 5097 em
2269 5048 2492 5100 aemuo·

479 5111 581 5176 thaan
602 5119 655 5183 a‘t.
697 5114 784 5178 Sctzt
805 5134 973 5178 mmmm
1005 5115 1189 5182 sententias
1221 5116 1396 5203 negativas
1429 5126 1463 5181 et
1512 5053 2059 5206 iles‚‹¹1)uasbausinittgar,ato.
2202 5051 2268 5118 agn

479 5195 713 5269 affirmativas:
743 5201 824 5264 Ossa
855 5224 940 5266 mace
972 5222 1077 5268 rocem
1110 5222 1207 5264 necea
1240 5201 1397 5282 mutuat,
1429 5211 1464 5267 et

479 5283 580 5392 a...
611 5292 718 5370 varta
749 5307 804 5349 ιω
836 5308 880 5352 σε
910 5288 1052 5353 mbr
1082 5290 1166 5351 aa..
1216 5287 1313 5355 bant
1334 5287 1374 5350 εἰ
1392 5289 1464 5370 aa
1637 5304 1943 5374 exsutamus
1965 5306 2074 5372 snm
2094 5304 2378 5374 ramsolam:

479 5370 592 5454 dattpet
613 5394 671 5455 rte,
682 5392 851 5439 sermonem
870 5396 967 5439 m
986 5375 1131 5439 mabit.
1174 5373 1273 5441 lietb:
1295 5372 1464 5455 Μία.
2192 5414 2195 5423 ·

477 5458 920 5637 fflmffm
785 5546 834 5611 a·
852 5548 1048 5631 ww
1072 5460 1461 5632 &ww
1515 5465 1653 5572 Quare
1683 5467 1807 5553 hodie
1838 5467 1984 5582 legitur
2013 5469 2115 5553 haec
2146 5467 2286 5550 concio
2319 5464 2524 5568 Chrisfii,

346 5708 356 5717 ,
476 5630 718 5707 natust.
756 5628 1465 5715 ·ttt.aaataat·!tatutr,*·abtmatfuta
1602 5632 2494 5724 Quanquamvideturesssabsurdomsenrperquo·
