5934 6709
453 672 542 751 ‘593
1117 677 1228 747 rum
1250 677 1356 751 ttnu.
1377 678 1567 751 sonim
1587 678 1852 751 Exuuuttca.
2422 679 2490 747 etit

474 882 643 957 spectrum
654 872 784 938 venerit
804 871 846 934 ad
860 866 1109 955 Philosophum,
1132 883 1166 934 et
1188 869 1319 937 dmerit
1334 870 1373 936 -ln
1389 865 1456 937 oel-
1505 891 1638 941 mamus
1659 871 1694 936 in
1715 871 1873 937 comitatu
1886 869 1993 939 Ducis
2004 870 2183 950 saxoniae,
2205 881 2397 937 contrane·
2418 846 2489 939 non

474 959 544 1027 lent
565 960 608 1033 nd
631 960 776 1027 cadaver
792 959 936 1027 vinctum
958 957 1098 1034 catenis,
1121 958 1173 1027 ab
1194 974 1249 1021 err
1264 955 1323 1022 bnt
1339 956 1455 1040 depro-
1505 955 1607 1029 facile
1627 953 1751 1043 aliquid
1773 957 1980 1025 committere
2000 956 2178 1025 audebant.
2221 954 2389 1041 Grinueus
2407 957 2433 1023 it
2453 958 2489 1025 in

476 1046 547 1122 om,
568 1044 665 1109 deeilt
686 1057 855 1128 spectrum
877 1045 908 1109 ei
930 1038 1105 1115 molentum
1127 1061 1215 1107 esse.
1258 1039 1455 1109 'l'beodnrue
1505 1044 1625 1109 medio.
1647 1042 1762 1109 Noun
1773 1042 1913 1111 ministri
1936 1056 2137 1130 sequuntur:
2159 1043 2263 1128 potuit
2283 1061 2374 1122 osse,
2397 1043 2489 1132 qnod

477 1130 574 1196 Gaze
592 1149 662 1195 uon
684 1125 803 1213 procul
824 1129 868 1195 ad
889 1126 1089 1195 urheRotua
1110 1128 1225 1198 habuit
1245 1149 1374 1214 agrum,
1396 1127 1455 1195 ubi
1504 1148 1581 1195 eum
1603 1148 1669 1194 uon
1692 1127 1855 1195 noverint
1910 1126 1999 1197 lmne
2025 1128 2070 1201 tul
2091 1126 2253 1197 Rhenum.
2314 1126 2389 1214 Ego
2410 1129 2490 1195 steti

476 1213 712 1291 elue-colonus
735 1228 875 1287 vexatus
897 1225 951 1278 eet
971 1233 992 1278 a
1013 1226 1160 1298 apectro.
1226 1210 1373 1279 Tandem
1395 1213 1455 1281 ivit
1505 1215 1539 1280 iu
1566 1216 1656 1298 ripa,
1687 1214 1797 1279 donec
1819 1224 1911 1279 esset
1932 1225 2162 1289 transvectum
2183 1215 2260 1302 quia
2282 1214 2375 1297 priua
2397 1210 2489 1283 nolui

475 1301 521 1367 ad
542 1298 634 1367 illum
656 1299 777 1378 locunt,
799 1321 865 1385 quo
888 1297 945 1367 ille
966 1320 1040 1373 eum
1061 1300 1264 1377 deducebat,
1285 1300 1329 1365 ad
1351 1300 1454 1384 qnod·
1477 1306 1481 1387 i
1505 1301 1549 1371 ab
1570 1320 1613 1365 eo
1634 1300 1816 1375 ermetem.
1861 1296 1932 1380 llic,
1954 1298 2029 1369 Deo
2050 1299 2194 1379 invente,
2215 1303 2267 1366 aio
2286 1298 2347 1365 luit
2367 1297 2489 1366 libera·

476 1388 553 1455 dam
574 1400 673 1453 vatus
694 1397 949 1457 mouumentum·
1006 1383 1090 1453 Cum
1112 1385 1276 1462 cadaver,
1298 1383 1455 1470 quodibi
1505 1398 1571 1455 tua.
1598 1384 1773 1472 Nunquam
1795 1386 1886 1470 potui
1907 1388 2112 1464 reeelaeere,
2133 1383 2244 1473 quatis
2263 1382 2322 1453 ille
2342 1388 2394 1450 vir
2416 1385 2489 1459 fue·

477 1471 677 1543 colloretum
700 1484 788 1548 erat,
814 1467 1004 1557 sepeliisset
1024 1471 1057 1536 iu
1079 1469 1146 1537 alio
1167 1467 1246 1537 laco
1258 1515 1269 1550 ,
1301 1491 1369 1539 nou
1389 1490 1456 1536 ent·
1507 1474 1571 1551 rit,
1602 1473 1659 1559 qui
1680 1471 1723 1536 ad
1744 1491 1796 1541 me
1818 1473 1989 1552 veniebat,
2021 1492 2218 1559 quamquam
2246 1491 2350 1559 saepe
2383 1473 2427 1546 da
2446 1491 2489 1539 ao

476 1556 563 1644 pliue
585 1559 736 1644 apparuit
756 1569 934 1641 spectrum.
979 1556 1027 1621 lbi
1049 1555 1145 1627 Gaze
1166 1557 1269 1621 dixit:
1506 1556 1630 1625 multos
1651 1557 1896 1642 interrogarun,
1928 1571 1962 1625 et
1983 1559 2190 1633 observarint
2212 1557 2310 1629 etim
2330 1557 2491 1643 speeiem,

547 1678 630 1745 o
650 1679 776 1763 o
796 1695 924 1751 m
944 1675 1061 1741 aa
1079 1695 1146 1740 ι·
1167 1677 1274 1740 ua
1292 1675 1374 1764 o·
1507 1641 2139 1731 ι
2153 1730 2195 1794 t
2345 1730 2491 1816 ,tn

476 1814 607 1887 Versus
629 1828 720 1891 extet
741 1817 775 1893 ip
797 1812 981 1898 Propertio.
1025 1810 1136 1883 Credo
1158 1834 1200 1878 ex
1221 1813 1319 1878 robis
1340 1809 1456 1898 eliqui-
1508 1835 1574 1881 non
1596 1812 1716 1901 procul
1746 1833 1768 1878 a
1791 1810 1931 1902 Gygaeo
1962 1816 1997 1880 in
2029 1838 2120 1902 pago
2149 1826 2239 1881 nato.
2306 1817 2396 1882 Puer
2417 1826 2493 1883 erat

477 1904 542 1979 bue
564 1903 638 1978 viae
660 1921 738 1967 esee
760 1912 904 1986 spectra·
958 1897 1013 1971 Iol
1043 1898 1126 1969 habt
1146 1899 1236 1964 mehr
1257 1901 1320 1964 dea
1340 1898 1459 1964 mmai
1507 1902 1618 1968 iussus
1641 1902 1801 1967 reducere
1812 1901 1931 1980 bovae,
1952 1913 1986 1967 ot
1997 1904 2109 1969 atatim
2126 1923 2201 1973 eum
2213 1914 2304 1971 esset
2316 1921 2492 1992 egreaana,

473 1988 618 2073 petebam
652 1986 728 2052 Nou
749 2005 814 2072 ego
837 1999 976 2064 tanturn,
998 1986 1061 2060 sod
1082 1983 1139 2059 alii
1156 1983 1249 2051 inulti
1271 2005 1400 2050 mecum
1412 1984 1457 2051 vi·
1508 1987 1629 2052 decidit
1650 2004 1788 2072 magua,
1820 2000 1854 2052 ct
1876 1992 2014 2073 coptoaa
2031 1988 2105 2069 nix,
2136 1999 2173 2057 ut
2195 2007 2255 2073 per
2283 1989 2393 2055 nivem
2421 2008 2492 2057 uon

476 2075 598 2148 derunt
607 2070 780 2157 Tubiugae
792 2068 942 2156 pluribus
959 2072 1112 2145 noctibus
1123 2085 1261 2157 spectra
1277 2072 1457 2151 (existimo,
1509 2086 1625 2157 posset
1647 2072 1766 2145 redire·
1811 2069 1936 2141 Mansit
1957 2074 2020 2140 lbi:
2044 2072 2205 2141 Parentes
2227 2086 2322 2139 erant
2343 2071 2492 2156 solliciti,

476 2160 566 2244 quod
587 2157 850 2244 significaverint
870 2154 949 2229 illos
970 2171 1093 2234 motus,
1128 2158 1183 2243 qul
1227 2171 1323 2223 osten
1344 2156 1457 2223 mouri
1509 2178 1575 2224 non
1599 2159 1664 2223 iam
1685 2159 1729 2224 de
1751 2158 1871 2237 bobus,
1893 2160 1954 2225 sed
1967 2160 2009 2223 de
2019 2180 2144 2245 pucro;
2165 2170 2328 2243 quaerunt
2348 2162 2492 2248 passim

477 2256 556 2313 eunt
578 2246 611 2311 in
634 2241 693 2309 illa
714 2246 863 2329 regione)
886 2243 1066 2328 equitautia
1088 2239 1175 2319 ultra
1197 2180 1400 2315 baccarum
1422 2252 1457 2308 et
1509 2245 1643 2309 tandem
1665 2242 1762 2309 tertio
1785 2243 1838 2309 die
1860 2245 1984 2310 faciunt
2005 2246 2091 2311 viam
2110 2264 2171 2396 Εἴ
2192 2246 2322 2323 nivem,
2345 2247 2492 2399 efflue·

2158 2350 2261 2411 erem,
2283 2351 2359 2398 cum
2437 2351 2490 2412 aa,

476 2331 609 2489 Raude
630 2333 886 2418 ingrestaerant
903 2325 1034 2409 silvam,
1054 2330 1270 2401 vertebantur
1290 2330 1323 2395 io
1345 2329 1458 2393 lncan-
1509 2331 1601 2395 aiunt
1623 2350 1698 2395 enm
1719 2329 1903 2408 rodentem,
1924 2331 2099 2417 etquidem

586 2414 790 2493 Videbamus
813 2412 904 2487 clare
926 2409 1003 2491 illae
1024 2415 1169 2499 species,
1192 2415 1324 2502 quando
1347 2413 1457 2480 venie·
1510 2428 1544 2482 et
1566 2416 1802 2481 comedentem.
1847 2413 2026 2483 Dixerunt:
2059 2437 2163 2502 quare
2186 2438 2253 2491 uon
2274 2419 2401 2489 rediisti
2434 2418 2492 2485 do·

366 2555 369 2563 .
476 2503 558 2575 bunt
578 2503 612 2568 iu
635 2500 770 2579 silvam,
803 2502 847 2574 ibi
871 2500 970 2575 tiebat
992 2521 1134 2586 magnus
1156 2500 1262 2586 ignis,
1291 2514 1325 2565 et
1347 2515 1457 2567 tauteu
1510 2502 1619 2567 ututu‘l
1661 2500 1874 2587 Respondete
1907 2521 1972 2588 ego
1994 2505 2166 2653 expectavi
2194 2515 2337 2571 noctem.
2382 2502 2492 2577 Quae-

476 2584 558 2663 nihii
577 2589 707 2664 urebat,
729 2585 820 2674 ligna
843 2587 1020 2663 manebant
1040 2588 1182 2672 integra.
1511 2600 1602 2653 runt:
1624 2588 1699 2674 quis
1721 2587 1780 2652 tibi
1802 2588 1892 2654 dadit
1913 2608 2031 2674 panem
2075 2588 2149 2653 nte
2172 2591 2262 2654 uenit
2282 2591 2326 2654 ad
2347 2610 2402 2656 me
2422 2591 2492 2677 qni·

659 2671 768 2748 adbuc
789 2693 864 2751 eum
886 2673 918 2736 iu
941 2668 999 2747 ille
1021 2672 1191 2756 opinione,
1225 2668 1316 2737 illum
1337 2671 1457 2749 virum,
1509 2675 1586 2738 dam
1608 2675 1670 2751 vir,
1692 2675 1748 2759 qul
1764 2671 1843 2737 mibi
1860 2674 1951 2739 dedit
1966 2692 2097 2758 panem·
2125 2674 2201 2741 Non
2220 2674 2491 2742 dormieratdua·

499 2759 532 2824 ui
565 2760 643 2824 mii
675 2759 844 2846 indicabat
872 2758 913 2823 de
947 2755 1111 2836 Grinueo,
1143 2754 1250 2822 lauisse
1279 2757 1332 2821 An
1390 2777 1455 2822 um.
1511 2761 1573 2825 bus
1594 2761 1763 2834 noctibus,
1796 2769 1961 2826 ettamen
1983 2760 2138 2840 dicebat,
2170 2779 2210 2825 ee
2230 2775 2410 2846 expectare
2431 2782 2491 2826 no·

510 2843 646 2915 tionem
678 2845 906 2930 disputaverat
940 2864 1014 2919 cum
1046 2839 1214 2909 nebulone
1250 2838 1308 2911 illc
1373 2843 1456 2909 abre
1509 2857 1608 2910 ctam
1652 2843 1712 2913 llle
1725 2863 1808 2930 puer
1830 2846 1919 2910 haud
1940 2846 2041 2915 dubie
2061 2843 2122 2911 suit
2144 2847 2298 2913 divinitus
2321 2859 2490 2927 servatae,

476 2928 612 3016 Spirae:
646 2951 721 3005 cum
743 2929 853 2997 Faber
885 2943 978 3003 asset
1000 2931 1217 2996 concionatus
1239 2929 1283 2995 de
1301 2929 1456 2994 trausnh-
1509 2945 1542 2998 et
1564 2933 1614 2996 vir
1636 2928 1691 2996 ille
1711 2930 1773 2998 fuit
1792 2928 1945 3016 angelus.
2265 2932 2269 2939 “

475 3015 690 3091 ructatione
700 3015 938 3093 absurdissime
959 3025 992 3089 at
1014 3015 1260 3096 deadoratioac
1280 3015 1391 3100 panis,
1413 3013 1457 3080 de
1593 3015 1629 3080 ln
1647 3015 1827 3103 Thuringia
1848 3038 1887 3082 zu
1902 3015 2098 3103 &caelebem
2118 3015 2206 3089 sorte
2228 3019 2359 3096 oceidit,
2382 3031 2420 3085 ut
2440 3020 2489 3085 ‘m-

474 3099 533 3168 illa
553 3099 682 3188 dovotae
703 3110 752 3193 etp
782 3097 841 3177 ille
871 3122 895 3167 a
915 3102 1078 3171 concione
1105 3121 1181 3179 eunt
1201 3096 1367 3181 allocutus
1388 3113 1456 3166 eat:
1507 3100 1583 3169 sans
1604 3102 1773 3168 decideret
1793 3124 1854 3192 per
1884 3100 2066 3175 senmurum
2083 3104 2117 3171 iu
2138 3126 2269 3189 aquam.
2304 3105 2417 3185 Pater,
2437 3106 2490 3173 vir

474 3187 671 3261 Reverendo
726 3187 849 3268 oraine,
865 3205 930 3274 ego
952 3187 1062 3263 emlivi
1084 3188 1279 3256 concionem
1298 3202 1399 3265 tuam,
1421 3197 1457 3253 et
1510 3187 1646 3267 nobilis,
1678 3185 1790 3255 affinis
1817 3187 1950 3256 Domini
1976 3186 2114 3260 Fueoldi
2147 3193 2272 3270 nostri,
2305 3192 2378 3275 ipse
2410 3188 2515 3259 mibi'

473 3270 614 3352 libenter
636 3288 745 3353 tecum
777 3274 820 3340 de
846 3293 887 3347 ea
914 3270 1144 3360 conponeret,
1163 3277 1193 3343 ai
1214 3284 1341 3352 tantum
1363 3282 1456 3341 assat
1507 3277 1674 3348 narravite
1719 3274 1764 3341 lit
1791 3295 1863 3343 mat·
1890 3278 1943 3348 eiu
1973 3277 2059 3343 ateio
2085 3275 2244 3359 madeo,
2278 3274 2369 3347 ot'cbt
2397 3276 2489 3345 teche

472 3360 533 3429 tibi
555 3361 623 3426 otii.
665 3359 776 3435 Faber
795 3361 998 3447 interrogata
1019 3360 1095 3446 quia
1116 3371 1153 3424 tu
1174 3358 1234 3437 eei
1276 3358 1351 3446 Ego
1368 3377 1455 3439 sum,
1506 3361 1631 3427 macheu
1651 3362 1716 3439 ult,
1744 3362 1809 3435 ,der
1833 3360 1962 3445 Teuffel
1980 3361 2070 3427 hatte
2085 3382 2121 3428 et
2141 3361 2293 3427 bitumter
2310 3370 2488 3448 pettam

471 3447 520 3512 nit
539 3443 609 3525 ille,
631 3444 810 3521 Griueeua.
841 3444 905 3532 Ey,
927 3447 972 3511 nti
994 3442 1293 3525 domineGrinaee,
1315 3463 1455 3533 respon·
1507 3444 1641 3513 Ancilla
1661 3447 1773 3512 atatim
1796 3449 1899 3513 currit
1929 3468 1991 3534 per
2019 3449 2146 3535 gradus
2167 3450 2201 3512 in
2230 3451 2330 3515 imum
2357 3449 2488 3516 auium

472 3532 521 3598 dit
540 3531 662 3612 Faber,
683 3527 765 3598 nihil
786 3542 899 3618 potaat
917 3530 997 3601 mihi
1018 3531 1092 3607 lieri
1112 3535 1275 3614 optatius,
1298 3550 1399 3616 quant
1418 3540 1455 3606 ut
1507 3531 1618 3599 Vocat
1634 3533 1832 3600 ministrum:
1860 3534 2008 3621 tcbreyet
2027 3534 2085 3599 ita
2104 3553 2160 3614 uu,
2181 3555 2219 3600 er
2239 3535 2291 3599 ool
2310 3535 2434 3602 eileuds
2454 3538 2487 3601 itt

472 3617 991 3697 eontrahnmmeumauticit‘umt
1013 3630 1047 3685 et
1067 3614 1169 3691 trahit
1190 3637 1266 3685 eunt
1276 3619 1348 3695 attis
1361 3611 1455 3683 htm·
1504 3619 1630 3705 probeo
1659 3621 1830 3709 mamper,
1862 3623 1930 3693 uttd
1961 3621 2026 3695 dat
2052 3620 2131 3691 butt
2155 3629 2271 3689 reum
2334 3617 2403 3687 Ille
2421 3633 2488 3688 ata·

471 3703 561 3773 ditiis
582 3725 691 3791 usqne
711 3706 755 3769 ed
776 3724 875 3783 auum
904 3700 1093 3788 hospitium.
1147 3702 1218 3770 Sed
1237 3704 1319 3783 iant,
1351 3701 1456 3791 inquit
1506 3708 1563 3770 tim
1583 3703 1688 3772 delilit
1708 3706 1741 3769 in
1774 3718 1947 3793 stagnum,
1980 3708 2111 3773 accedit
2141 3707 2185 3771 ad
2215 3704 2422 3786 infantulum,
2454 3717 2488 3773 et

406 3834 413 3861 ι
472 3800 606 3876 oportet
626 3810 680 3856 ma
700 3791 750 3857 ire
769 3790 813 3857 ed
834 3810 959 3877 regem
988 3789 1074 3857 Cras
1096 3791 1181 3861 hore
1201 3800 1298 3863 reate
1314 3789 1455 3866 veniatie
1506 3791 1627 3874 excipit
1658 3812 1751 3873 eum,
1782 3812 1881 3877 quam
1916 3804 2029 3880 potest
2060 3794 2202 3860 maxima
2233 3791 2383 3868 solertia.
2435 3791 2487 3857 ln·

471 3877 662 3945 eddumunt
671 3895 788 3943 meana
818 3873 985 3943 Grittaeue
1006 3877 1144 3962 putebat
1160 3873 1201 3942 de
1222 3896 1292 3943 rent
1337 3871 1454 3941 ulchre
1506 3875 1582 3957 sana
1608 3879 1747 3947 natabat
1777 3877 1810 3943 in
1837 3898 1948 3965 oque,
1966 3881 2026 3947 'ita
2056 3892 2094 3946 ut
2125 3876 2230 3945 faciae
2268 3891 2362 3946 esset
2392 3892 2488 3949 aetra

472 3963 641 4052 gessiasm
672 3973 707 4030 et
727 3962 772 4028 nd
792 3982 857 4027 noo
878 3962 1033 4029 veniebat
1053 3963 1097 4029 ad
1119 3981 1269 4030 coenant.
1354 3971 1455 4032 errat.
1506 3983 1639 4048 aquam:
1664 3963 2057 4051 tanttunpoeterlorpars
2077 3966 2163 4052 tergi
2181 3977 2253 4032 erat
2267 3964 2366 4035 mede
2387 3960 2484 4047 faeta

472 4050 553 4136 quid
572 4050 617 4121 ait
639 4059 787 4135 gestum,
819 4059 854 4114 et
877 4048 925 4127 ait
949 4069 989 4113 se
1016 4068 1095 4115 crae
1127 4067 1360 4125 accessurum:
1393 4046 1455 4112 sed
1506 4047 1578 4122 ‚Der
1598 4046 1722 4132 thaffu
1740 4047 1816 4114 icta
1836 4050 1949 4125 todten
1968 4052 2090 4121 uuum·
2117 4052 2184 4120 Sed
2206 4047 2312 4122 adluit
2331 4049 2487 4143 angelus,

471 4132 594 4211 nebulo
617 4135 738 4214 Faber,
758 4135 869 4201 statim
891 4145 1078 4214 curaverat,
1098 4147 1136 4211 ut
1156 4144 1349 4219 caperetur,
1370 4147 1405 4201 et
1424 4132 1455 4201 si
1507 4135 1563 4220 qui
1585 4134 1743 4205 servavit.
1786 4130 1882 4203 Talia
1907 4133 2012 4205 molta
2033 4135 2185 4223 exempla
2206 4135 2354 4216 ltnbetie,
2375 4138 2486 4207 etde·

471 4221 590 4293 fuiseet
613 4235 744 4308 captae,
762 4223 835 4287 sine
856 4221 956 4288 dubio
979 4232 1070 4286 esset
1092 4223 1236 4291 occisus.
1291 4218 1380 4285 Dum
1401 4239 1454 4284 se·
1507 4222 1592 4288 betis
1615 4219 1739 4291 hahere
1755 4234 1915 4299 annotate
1925 4221 2079 4310 exempla
2094 4221 2258 4293 malorum
2268 4234 2487 4309 specttorum,

473 4309 775 4386 demusinmanaa,
797 4318 830 4372 et
840 4308 883 4374 da
893 4304 959 4373 hac
969 4307 1043 4390 lpaa
1052 4327 1092 4372 re
1108 4305 1285 4393 loquimur,
1302 4306 1392 4370 venit
1404 4305 1454 4370 vir
1507 4319 1541 4372 et
1562 4308 1681 4374 deinde
1702 4304 1835 4375 illorum
1860 4305 2061 4394 officioram,
2094 4331 2180 4397 quae
2208 4321 2383 4395 praestant
2409 4306 2486 4377 boul

474 4395 620 4480 quidam,
686 4394 838 4460 ievocat
859 4413 912 4459 me
929 4390 1148 4473 exconclnvi,
1169 4405 1204 4459 et
1225 4391 1287 4457 ine‘
1311 4394 1336 4457 it
1355 4393 1454 4457 inter·
1574 4391 1634 4473 eli,
1673 4393 1861 4479 ubieunque
1899 4396 2021 4473 auditis
2054 4397 2286 4463 convenientia
2321 4391 2484 4481 exempla

417 4537 421 4545 .
474 4500 610 4566 rogare:
671 4477 916 4554 tueGrioaeuo
936 4478 1048 4555 intus?
1079 4478 1259 4548 Dicebam:
1342 4475 1453 4545 tDie
1505 4477 1541 4544 Μ
1578 4494 1610 4547 ta
1632 4476 1711 4556 talia
1732 4481 1906 4560 accidunt,
1931 4502 2035 4567 saepe
2056 4479 2168 4569 attgeli
2195 4482 2231 4549 iu
2251 4483 2383 4569 magnis
2404 4480 2485 4569 perl-

474 4567 516 4647 ei,
537 4567 639 4652 inquit
657 4562 727 4645 ille,
748 4561 915 4671 aufugiat:
938 4566 1016 4653 quia
1025 4565 1137 4630 statim
1149 4567 1290 4631 ederunt
1304 4560 1454 4644 lictores,
1506 4562 1591 4631 aulis
1612 4563 1756 4641 liberant
1776 4563 1938 4637 homines.

473 4655 529 4740 qui
552 4673 627 4728 eunt
648 4653 819 4729 abducant
839 4672 873 4716 tn
896 4671 1078 4718 carcerem.
1122 4649 1197 4737 Ego
1209 4650 1389 4737 ingredior
1409 4649 1454 4716 ad

473 4760 546 4806 eos.
590 4739 761 4806 Sedebant
780 4743 815 4803 iu
836 4756 953 4803 mensa
973 4736 1017 4801 D.
1039 4735 1182 4803 loannes¹
1199 4735 1349 4815 Ruclius,
1370 4733 1454 4802 cne-
1542 4793 1550 4815 ,

472 4846 535 4914 par
552 4821 685 4903 Muller,
706 4821 860 4903 lelohim,
877 4823 934 4910 qul
955 4820 1064 4890 adhuc
1085 4823 1178 4902 vivit,
1199 4836 1234 4890 et
1255 4833 1453 4889 eratoomee

471 4914 579 4979 nostri
603 4913 729 4983 itineris
752 4923 785 4977 et
807 4931 884 4997 ego.
916 4906 1011 4975 Dixit
1033 4907 1076 4974 D·
1090 4907 1245 4988 Grinaee‚
1265 4910 1374 4988 adeat,
1396 4908 1453 4995 qui
1781 4899 1863 4992 Ubi
1896 4912 1992 4987 sunt
2029 4899 2208 5010 Angeli‘d

472 5001 539 5066 hoc
560 4999 651 5072 diruit.
695 4995 806 5063 illenm
828 4991 1002 5062 consilinm
1024 5007 1095 5074 est,
1117 5006 1154 5062 ut
1175 4997 1453 5080 obtemperemus.

472 5081 540 5150 ue
557 5099 591 5151 et
612 5106 689 5150 mox
711 5087 831 5149 redeas
854 5079 1122 5168 Heidelbergam.
1187 5079 1267 5147 ltlox
1294 5102 1360 5149 una
1382 5102 1453 5146 sur·
1590 5079 1676 5151 Boni
1697 5078 1820 5165 hapeli
1841 5082 2008 5150 adduntur
2018 5083 2176 5153 custodes
2189 5083 2297 5155 boute
2335 5080 2483 5157 btottva

472 5174 600 5258 ςίιιιιιε,
631 5182 665 5236 et
686 5191 754 5235 non
783 5170 905 5249 credo,
931 5169 1022 5254 quod
1049 5168 1283 5252 praeterieram
1311 5179 1454 5253 quatuor
1529 5178 1626 5232 antur
1646 5169 1681 5233 iu
1702 5172 1796 5235 ubre:
1817 5179 1854 5236 ut
1874 5164 2000 5235 Paulus
2028 5180 2128 5235 vocat
2148 5189 2208 5235 eoa
2227 5171 2369 5258 sperae
2385 5171 2481 5239 umb-

472 5259 602 5331 domos,
622 5276 696 5321 euru
718 5257 782 5321 iant
803 5257 943 5321 aderant
962 5251 1110 5322 lictores.
1148 5256 1356 5320 :inviderint
1378 5272 1453 5332 noa,
1557 5257 1660 5340 gitnte
1681 5252 1772 5320 illum
1794 5266 1899 5322 totum
1920 5275 2032 5319 aerem
2054 5273 2134 5319 esse
2151 5250 2285 5340 plenum
2309 5258 2479 5333 bonorum,

470 5343 605 5417 nescim
627 5343 689 5406 sed
712 5343 814 5407 credo
835 5341 941 5406 l'uisse
962 5361 1036 5407 eam
1064 5342 1074 5405 i
1098 5361 1212 5406 eorum
1235 5340 1454 5425 prudentiam,
1505 5353 1539 5405 et
1561 5336 1723 5407 nualorum
1745 5339 1951 5428 attgelorntu·
1980 5339 2020 5407 ln
2040 5341 2108 5409 isto
2127 5341 2294 5408 auditorio
2315 5340 2480 5413 suutboat

472 5431 560 5516 quod
582 5425 967 5514 nolueruntagnoscere,
990 5448 1065 5494 cunt
1119 5429 1238 5492 herent
1252 5427 1453 5504 mandatum,
1504 5423 1756 5513 etmaliangeli,
1778 5440 1811 5494 et
1828 5447 1869 5510 pn
1941 5446 2098 5506 ecorum,
2120 5438 2154 5493 ct
2164 5428 2257 5517 quod
2267 5429 2480 5504 custodimur,

471 5530 508 5581 ut
530 5528 825 5601 eum-quaererent
846 5514 879 5578 in
903 5514 1010 5579 domo.
1109 5534 1130 5575 o
1152 5509 1337 5583 etlslebiua
1358 5512 1453 5596 printi
1504 5512 1709 5583 custodimur
1720 5534 1779 5599 per
1789 5533 1876 5601 ange
1892 5532 1932 5579 os
1943 5513 2110 5581 divinitus·
2132 5511 2479 5585 Niailiomiautcutto·
2535 5578 2543 5591 ‚v

470 5600 937 5686 praecedamus,nep1imus
960 5611 1052 5664 esset
1106 5599 1256 5690 rinaeus3
1288 5601 1366 5684 qnia
1387 5618 1452 5664 noe
1503 5600 1602 5665 dieat
1618 5600 1791 5680 οἰυίἰιιιιιιι,
1809 5596 1945 5682 fnestra
1959 5601 2110 5685 ot‘pdoui,
2130 5607 2187 5686 out
2202 5601 2386 5673 waledene
2401 5617 2477 5667 enat·
