5934 6709
472 698 539 763 tte
1106 694 1222 760 PlllL.
1243 693 1350 761 tffiL.
1375 693 1564 760 statuta
1587 693 1851 761 extenuet.
2426 696 2495 785 78⁰

1478 875 1664 961 loceidens
1703 883 1769 950 hoc
1808 904 1923 949 mense
1964 886 2029 950 ciet
2060 886 2221 953 maximas
2259 898 2493 975 tempestates.

1479 970 1483 1029 l
1506 967 1604 1033 Unde
1626 979 1659 1035 et
1680 966 1841 1057 Virgilius
1864 970 1960 1036 dixitt

1636 1091 1759 1157 meus
1779 1094 1835 1157 aot
1854 1094 2010 1174 tauma
2034 1096 2135 1161 mm
2155 1098 2306 1162 mutar
2318 1048 2433 1164 'moa
2455 1056 2458 1061 ’

1592 1224 1730 1292 Menses
1756 1225 1985 1295 Hebraeorum
2005 1229 2133 1298 habeut
2155 1234 2296 1317 optimas
2319 1206 2495 1321 Etymolo·

475 1012 694 1119 Quomodo
750 1012 1022 1095 distinxerunt
1077 1013 1260 1123 papistae
1320 1004 1455 1122 partes

815 1131 1124 1244 poeniteutiae?

561 1316 786 1382 Numerarunt
812 1327 881 1381 tres
915 1326 1043 1399 partes:
1077 1310 1336 1388 (munitionem,
1366 1308 1454 1377 Con·
1476 1324 1481 1389 t
1507 1313 1592 1396 gius,
1617 1310 1670 1376 vel
1692 1334 1709 1376 a
1734 1311 1855 1393 stellis,
1886 1312 1939 1378 vel
1962 1338 1982 1380 a
2005 1318 2194 1382 maturitate
2221 1318 2366 1405 frugum.
2416 1319 2494 1387 l'ul·

471 1403 654 1470 sessionem
677 1415 710 1467 et
732 1401 1012 1467 satisfactionem.
1048 1397 1100 1463 De
1127 1397 1269 1485 singulis
1293 1398 1453 1483 partibus,
1507 1397 1618 1463 chrius
1647 1410 1699 1462 est
1736 1401 1951 1467 eortsiderare
1983 1423 2058 1484 res,
2115 1426 2191 1469 uam
2218 1404 2345 1491 lingere
2381 1428 2494 1473 noua·

472 1510 515 1554 ac
538 1491 732 1574 praesertim
755 1489 797 1553 de
819 1485 1123 1565 satisfactionibuS‚
1156 1481 1290 1549 suerunt
1324 1484 1453 1548 intrica·
1507 1505 1623 1563 voces,
1656 1497 1692 1550 ut
1725 1486 1845 1552 Graeci
1879 1487 2039 1554 lecerunt.
2129 1503 2217 1556 otest
2249 1494 2325 1557 inde
2360 1493 2493 1580 colligi,

473 1577 623 1641 tissimae
645 1575 897 1659 disputationes.
930 1572 1075 1638 Veteres
1097 1574 1306 1638 nominarunt
1326 1588 1454 1654 poenas
1509 1571 1661 1636 Graecos
1694 1569 1800 1638 fuisse
1831 1577 2036 1640 recentiores
2069 1576 2199 1642 ludaeis
2232 1590 2265 1643 et
2297 1580 2375 1666 Aeg
2401 1583 2493 1665 ptiie.

474 1660 661 1727 Canonieas
683 1666 830 1742 ἐπιτίμια,
851 1660 885 1724 id
907 1670 976 1738 est,
1009 1657 1163 1723 mulctas.
1208 1656 1284 1721 Fuit
1311 1655 1455 1721 humana
1507 1657 1579 1721 ilco
1602 1669 1726 1722 tuntum
1754 1660 1925 1725 doctrinae
1954 1661 2144 1727 habuerunt
2166 1663 2287 1730 Graeci
2311 1677 2344 1729 et
2368 1602 2494 1745 llatiui,

473 1748 655 1812 ordinatio:
680 1767 746 1811 non
774 1746 894 1812 meruit
915 1746 1144 1810 remissionem
1168 1755 1392 1827 peccatorum,
1422 1752 1456 1807 et
1480 1782 1484 1831 2
1507 1755 1545 1808 ut
1566 1742 1677 1809 ludaei
1699 1756 1732 1809 et
1753 1744 1909 1831 Aegyptii
1917 1767 1927 1810 t
1958 1748 2031 1812 ideo
2054 1770 2121 1813 non
2151 1761 2216 1813 tam
2235 1750 2411 1837 elegantes
2433 1775 2493 1838 ap-

473 1845 582 1900 tamen
612 1835 645 1898 in
676 1843 769 1898 tanta
801 1830 879 1897 luce
912 1831 1009 1896 etiam
1038 1851 1127 1895 nuuc
1148 1827 1305 1894 Bavarioi
1326 1824 1456 1893 articuli
1480 1850 1484 1897 t
1507 1826 1708 1915 pellationes
1741 1835 1912 1898 mensibus
1946 1834 2143 1900 indidemne,
2211 1837 2313 1900 Αιῑῑρῑ
2353 1857 2492 1904 mem,

473 1931 638 1986 conantur
660 1931 726 1983 tam
746 1915 921 1983 manifesta
939 1916 1113 1982 mendacia
1130 1917 1286 1999 probare,
1308 1925 1341 1979 et
1359 1933 1456 1980 reno·
1479 1961 1483 1989 ·.
1507 1916 1586 1979 dicti
1608 1929 1686 1980 sunt
1718 1937 1739 1981 a
1772 1918 1956 1984 sacrificiis.
2019 1919 2158 1985 Romani
2191 1943 2325 1987 meuses
2360 1926 2493 2011 absque

475 2026 565 2070 vare.
613 2005 705 2070 llaec
728 2004 863 2090 quando
887 2003 929 2067 de
951 2016 1112 2086 tempore,
1137 2014 1170 2066 et
1192 2001 1346 2087 negotiis,
1368 2018 1455 2087 quae
1479 2011 1485 2159 Ι
1507 2015 1602 2067 recto
1631 2003 1748 2067 ordine
1781 2001 1913 2070 luerunt
1947 2005 2089 2071 contusi.
2146 2008 2318 2075 lattuarius
2347 2032 2370 2073 a
2396 2026 2492 2095 patre

472 2105 553 2157 tunc
587 2091 798 2170 acciderunt,
832 2089 1004 2176 cogitatis,
1038 2085 1135 2154 simul
1168 2088 1297 2153 debetis
1329 2087 1455 2172 gratias
1508 2089 1617 2173 gentis
1635 2088 1727 2169 lano,
1760 2091 1881 2170 idest,
1915 2095 2035 2176 taphet.
2092 2093 2310 2175 Februarius,
2343 2118 2366 2161 a
2389 2099 2491 2163 sacri-

472 2197 576 2264 agere
598 2176 674 2241 Deo
697 2196 758 2260 pro
781 2174 1002 2255 illustratione
1023 2176 1206 2251 doetrinae,
1229 2185 1263 2237 et
1284 2192 1347 2237 ros
1370 2172 1455 2237 exci·
1479 2167 1484 2268 l
1508 2175 1592 2239 liciis
1625 2189 1840 2242 mortuorum.
1896 2177 2055 2257 hiartius,
2088 2202 2109 2244 a
2136 2178 2232 2245 festis
2259 2180 2392 2246 Martis.
2443 2184 2492 2249 lta

472 2275 546 2330 tare
568 2264 611 2328 ad
639 2262 832 2328 discendam
867 2262 1050 2328 doctrinam
1074 2261 1317 2326 necessariam:
1351 2261 1458 2341 Goffet
1478 2290 1482 2305 ·
1506 2281 1574 2324 non
1597 2274 1673 2325 sunt
1696 2260 1936 2346 appellationes
1959 2266 2077 2330 horum
2100 2278 2252 2351 sumptae
2269 2289 2290 2333 a
2309 2270 2489 2349 sideribus,

471 2352 569 2431 nicht,
598 2353 659 2416 rote
691 2351 745 2414 dte
771 2353 918 2430 Norrcn,
950 2368 1046 2414 wana
1078 2353 1182 2413 ettocn
1213 2347 1268 2413 ein
1301 2342 1455 2431 illyricus
1505 2358 1562 2411 aut
1579 2349 1766 2413 maturitate
1786 2344 1933 2436 hugum,
1961 2364 1996 2416 ut
2019 2353 2106 2435 apud
2130 2352 2320 2431 llehraeos3
2348 2376 2487 2441 quorum

470 2439 614 2502 rchreiet
633 2454 703 2501 rom
728 2436 903 2502 Chorroclr.
936 2432 1066 2498 Discite
1083 2431 1194 2497 sontes
1218 2429 1454 2509 doctrinarum,
1506 2429 1748 2520 appellationes
1788 2447 1865 2499 sunt
1898 2438 2141 2518 testimonium,
2180 2440 2269 2525 quod
2309 2443 2489 2528 antiquitas

472 2532 506 2586 et
529 2522 708 2587 discernite
729 2521 923 2587 necessaria
944 2542 965 2585 a
986 2540 1053 2584 non
1077 2519 1286 2586 necessariis.
1506 2520 1727 2585 considerarit
1748 2535 1844 2586 ortus
1867 2534 1900 2585 et
1923 2543 2069 2588 occasus
2087 2526 2244 2590 siderum.
2288 2524 2394 2593 Festa
2416 2530 2488 2614 ipsa

1507 2608 1673 2710 cogebant
1706 2627 1766 2672 eos
1799 2605 1924 2693 aliquid
1956 2611 2088 2674 discere
2109 2613 2151 2676 de
2172 2612 2317 2677 motibus
2341 2612 2435 2678 Solis
2457 2626 2489 2678 et

473 2733 598 2836 eod
643 2745 706 2816 ee
947 2731 1012 2813 e
1218 2728 1453 2832 Novembri,
1505 2688 2489 2868 attitustsuexistentialitatem&

841 2851 883 2934 in
913 2851 1085 2937 Bibliis‘l
1505 2867 1575 2930 aad
1594 2884 1661 2931 acer
1682 2869 1735 2932 dte
1755 2870 1833 2948 tan,
1852 2869 1914 2932 der
1934 2871 2075 2934 homme!
2093 2879 2154 2937 mtt
2172 2874 2245 2938 dem
2260 2874 2393 2939 mttere
2408 2875 2492 2939 vett

560 3035 625 3101 Pro
659 3054 773 3100 mense
806 3054 907 3112 nono,
939 3037 1046 3123 stellet
1074 3040 1109 3099 tn
1138 3031 1300 3099 Zacharia
1333 3035 1454 3113 litatae,
1504 2954 1730 3101 mametis
1752 3038 1786 3100 in
1809 3037 1945 3104 historia
1968 3038 2141 3124 Stephani,
2167 3046 2349 3125 temptat,
2371 2998 2403 3109 id
2423 3056 2499 3122 est,-

470 3125 548 3188 item
571 3124 605 3186 in
629 3118 715 3186 libro
737 3119 1032 3197 hlaooabaeorum3
1052 3120 1149 3184 nohis
1171 3131 1224 3185 est
1245 3118 1371 3184 mensis
1393 3140 1454 3186 un·
1506 3120 1613 3187 Sirius
1635 3120 1692 3188 vel
1714 3122 1878 3204 canicula,
1912 3146 1999 3211 quae
2028 3126 2131 3192 stalla
2153 3139 2207 3193 est
2234 3130 2267 3192 in
2299 3142 2410 3195 mento
2431 3128 2487 3195 uel

472 3210 637 3274 decimus:
672 3210 749 3294 quia
782 3219 933 3297 uetustus
965 3202 1135 3272 inchoavit.
1163 3226 1286 3271 annum
1312 3225 1334 3270 a
1362 3225 1454 3283 vere,
1506 3229 1567 3275 ore
1589 3210 1705 3275 conisa
1724 3214 1794 3276 Der
1815 3213 1900 3278 atter
1916 3222 2030 3295 ffrorte
2050 3214 2167 3292 Stern,
2195 3216 2255 3281 der
2276 3219 2352 3282 darn
2375 3215 2489 3281 Orioni

471 3296 559 3382 quod
582 3305 703 3360 natura
727 3295 842 3369 doeet3
871 3294 966 3379 primi
999 3303 1112 3377 patres
1134 3290 1200 3356 boc
1223 3301 1454 3370 servaverunt,
1502 3300 1614 3381 soleat.
1675 3296 1812 3362 Oriente
1840 3296 1993 3364 canicula
2025 3311 2097 3366 erat
2128 3301 2255 3366 initium
2291 3302 2370 3367 anni
2402 3302 2490 3387 apud

470 3391 504 3446 ct
530 3383 686 3466 autiquae
718 3391 848 3465 gentes.
909 3383 1005 3444 Wenn
1037 3377 1090 3443 ihr
1118 3397 1185 3444 ram
1207 3398 1227 3442 a
1249 3378 1371 3442 Martio
1396 3396 1454 3443 att·
1507 3384 1707 3470 Aegyptios,
1729 3396 1762 3448 et
1783 3382 1881 3449 Nilus
1903 3386 2101 3452 exundabat.
2137 3386 2261 3452 llabuit
2282 3400 2365 3453 tunc
2382 3389 2498 3476 Aegy--

469 3470 573 3551 rotet,
594 3487 633 3534 ao
653 3473 699 3533 tat
716 3469 771 3532 dte
792 3469 854 3531 Zet
867 3469 968 3531 recht.
1506 3481 1583 3554 ptus
1612 3468 1716 3534 multa
1744 3469 1914 3537 miracala.
1971 3469 2096 3538 Ferunt
2123 3474 2265 3539 bestiam
2294 3474 2342 3539 ihi
2375 3472 2489 3553 foisse,

492 3580 494 3585 ·
1508 3577 1596 3660 fluae
1616 3557 1785 3662 presensit
1808 3569 1916 3663 optutu
1936 3557 2023 3638 Sirii,
2047 3570 2080 3666 et
2102 3581 2175 3664 eum
2198 3562 2365 3666 adoravit.
2409 3560 2489 3625 Eam

471 3668 594 3780 Unde
614 3694 871 3806 componitur
892 3694 1003 3805 apud
1017 3693 1185 3777 Latinos
1201 3692 1454 3804 September,
1477 3635 1483 3793 l
1507 3644 2248 3818 iffi:r,be⁵tlhtlluii¹a¹i¹nrheiayigpihrlliu
2264 3646 2495 3807 ihhhltidlehh,

720 3811 912 3919 October,
941 3813 1205 3897 November?
1477 3796 1539 3881 lin
1562 3815 1761 3900 Augustum.
1806 3815 1843 3879 ln
1866 3816 1972 3881 Amos
1999 3822 2115 3895 stataet,
2148 3817 2232 3884 Cion
2254 3816 2374 3884 stella:
2408 3818 2488 3885 Cion

1478 3914 1483 3969 t
1508 3909 1553 3968 at
1572 3903 1634 3967 doe
1654 3900 1853 3982 corruunt,
1875 3905 1964 3986 quod
1989 3916 2040 3968 est
2063 3904 2281 3984 llebraicum,
2311 3905 2489 3989 Graecum,

557 3995 772 4082 nmmum,
807 3995 1016 4062 posteriores
1033 4012 1168 4059 menses
1186 4014 1307 4059 nomen
1330 3990 1483 4060 habenti
1509 3987 1753 4053 Germanicum.
1799 3986 2009 4054 Conveniunt
2037 4011 2139 4077 saepe
2166 3989 2300 4078 linguae
2322 3994 2359 4057 in
2381 3988 2489 4078 appel·

469 4085 515 4150 ah
537 4082 661 4172 ὅιιβρος,
694 4083 814 4161 mahar,
846 4079 919 4161 tet,
953 4089 1133 4167 terpestas,
1156 4092 1235 4147 sunt
1255 4082 1364 4147 minus
1386 4077 1484 4165 pla-'¹
1508 4072 1704 4138 latiouibus=
1734 4074 1824 4158 quod
1848 4074 1920 4138 ideo
1945 4078 2039 4152 dico,
2066 4089 2103 4141 ut
2126 4078 2279 4164 cogitetis
2307 4080 2353 4145 de
2376 4078 2489 4144 stodiis

472 4170 567 4237 cidae
589 4180 823 4257 tempestates,
856 4165 912 4235 vel
938 4170 1050 4254 potius
1073 4166 1322 4248 horribiliores,
1357 4186 1455 4253 quam
1507 4160 1723 4245 antiquitatis.
1798 4159 1849 4225 Ae
1874 4162 1956 4247 yptii
1990 4161 2166 4229 coluerunt
2202 4161 2317 4231 Solem
2360 4167 2490 4231 uomina

469 4254 611 4323 allorum
632 4258 805 4322 meusium.
1507 4250 1655 4330 Serapis,
1689 4246 1723 4309 id
1750 4258 1818 4324 est,
1851 4182 1996 4334 lulgeus.
2050 4249 2128 4314 Non
2158 4264 2229 4330 est,
2261 4262 2298 4315 ut
2323 4251 2491 4317 Osianda

795 4410 801 4419 ,
1478 4331 1482 4415 j
1508 4330 1664 4412 exlicat,
1696 4338 1750 4398 ein
1771 4337 1871 4399 Mona
1902 4336 1962 4401 mit
1978 4342 2083 4403 etnam
2105 4340 2233 4403 hletaen
2253 4340 2398 4421 hepher,
2420 4334 2491 4417 sed

658 4432 781 4518 Unde
813 4444 877 4517 est
905 4464 1058 4517 nomen
1087 4420 1263 4519 stleut
1507 4356 1682 4506 alhlgore
1714 4422 1912 4486 nominatur.
1968 4419 2128 4489 Canicula
2163 4434 2216 4488 est
2249 4426 2435 4511 conspicua
2460 4431 2492 4487 et

915 4526 918 4533 ·
1249 4498 1260 4521 ’
1296 4508 1323 4531 ’·
1507 4505 1648 4593 insignis
1682 4502 1800 4585 stelin,
1840 4516 1874 4569 et
1905 4506 2029 4573 initium
2067 4510 2144 4574 anni
2177 4509 2266 4595 apud
2299 4508 2491 4597 Aegyptios

557 4598 774 4685 Respondeo.
832 4597 894 4663 Est
922 4603 1078 4678 aKeset,
1111 4599 1153 4664 ab
1188 4598 1324 4678 Orione,
1358 4598 1453 4684 quasi
1507 4592 1585 4673 tuit,
1619 4602 1652 4655 et
1684 4602 1778 4657 ortus
1816 4592 1887 4657 eius
1920 4605 1992 4658 erat
2022 4595 2152 4681 siguum
2183 4595 2385 4663 extrudaturi
2413 4592 2490 4661 Nili.

473 4686 585 4765 dicas,
621 4684 747 4751 biensis
771 4684 972 4766 Orionaeus,
1006 4683 1172 4771 quiahoc
1194 4704 1311 4752 mense
1333 4685 1455 4751 occidit
1507 4678 1586 4747 ideo
1620 4697 1692 4743 cam
1716 4674 1909 4755 coluerunt;
1942 4693 1975 4745 et
2007 4682 2057 4745 sio
2090 4702 2152 4746 sua
2185 4682 2313 4746 ratione
2347 4680 2491 4759 seducti,

471 4772 574 4838 Orion
593 4766 697 4839 thaha.
1508 4761 1684 4830 coluerunt
1704 4760 1789 4828 alios
1811 4762 1923 4843 Deos,
1956 4777 1990 4831 ut
2013 4766 2067 4840 iit,
2103 4788 2177 4833 cum
2205 4766 2361 4833 homines
2384 4768 2498 4851 disces

1508 4854 1590 4917 dunt
1611 4872 1632 4914 a
1655 4848 1730 4916 Deo
1759 4848 1802 4914 ad
1826 4865 2016 4929 creaturas3
2050 4867 2086 4920 ut
2108 4854 2140 4918 in
2163 4852 2319 4920 Ecclesia
2342 4857 2376 4919 in
2398 4856 2490 4921 invo-

677 4951 798 5037 Unde
837 4950 1051 5037 deducitur
1089 4946 1248 5034 Orion?
1508 4940 1640 5005 ctrtZonc
1663 4948 1872 5017 sanctorum,
1905 4949 1938 5002 et
1959 4940 2274 5027 circumgestatione
2296 4942 2393 5025 panis
2415 4940 2491 5007 hor·

1508 5022 1648 5090 ribiliter
1668 5020 1881 5092 factumest:
1904 5027 1978 5105 sed,
2001 5027 2078 5113 quia
2098 5038 2176 5092 sutrt
2197 5027 2333 5107 usitata,
2355 5047 2425 5093 non
2446 5028 2492 5092 ita

558 5119 611 5182 Ab
630 5108 666 5182 ri
684 5143 733 5200 ον,
765 5119 894 5197 idest,
923 5124 1029 5198 tortae,
1063 5116 1152 5201 quod
1184 5112 1287 5181 faeiat
1314 5134 1453 5202 magnas
1506 5110 1672 5179 miramur.
1716 5110 1812 5177 Deus
1834 5108 1953 5177 liberet
1971 5110 2159 5179 Ecclesiam
2180 5115 2222 5179 ab
2246 5113 2433 5189 erroribus,
2459 5120 2492 5178 et

470 5202 614 5289 pluvias.
666 5143 749 5291 hgo
782 5225 850 5269 non
883 5215 963 5288 puto
998 5204 1075 5268 iude
1107 5202 1249 5266 derivari
1284 5201 1453 5283 Orionem,
1506 5218 1571 5265 nos
1594 5210 1689 5286 regat
1712 5199 1831 5282 spiritu
1852 5217 1927 5264 suo.

472 5292 533 5356 sed
557 5292 600 5354 ab
623 5284 702 5378 cipp,
726 5291 815 5375 quod
845 5290 1013 5375 significat
1042 5291 1287 5357 distinctionem
1310 5302 1453 5375 quatuor
1753 5360 1762 5379 .
2110 5363 2118 5380 ι
2451 5362 2462 5381 ο

469 5390 655 5461 temporum
677 5377 763 5443 anni.
809 5376 913 5441 Orion
936 5374 1128 5443 notabiliter
1149 5376 1323 5462 distinguit
1345 5387 1454 5441 aesta·
1505 5360 1580 5459 Ex
1618 5390 1864 5453 conclone
1896 5360 2122 5444 Matthaei
2154 5368 2193 5447 5.
2231 5362 2292 5445 de
2323 5364 2492 5449 beail·

470 5477 536 5530 tem
560 5474 593 5528 et
615 5460 787 5549 hyemem,
821 5474 855 5526 et
876 5472 930 5527 cst
963 5464 1108 5530 omnium
1131 5463 1275 5529 siderum
1298 5460 1452 5549 pulcher·
1858 5482 2129 5566 tudinibUS

470 5552 589 5617 rimum
608 5561 640 5614 et
663 5549 871 5614 notissimum
893 5552 925 5613 in
947 5559 1018 5614 toto
1040 5546 1150 5616 coelo.
1193 5546 1245 5612 Fit
1268 5550 1339 5613 eius
1362 5569 1452 5613 men·
2131 5547 2139 5563 ”

471 5638 517 5702 tio
550 5639 584 5703 in
617 5637 771 5703 omnibus
811 5636 1033 5713 monumentis
1051 5708 1054 5715 ,
1072 5636 1316 5731 antiquorum„
1347 5634 1451 5721 Quian
1591 5629 1627 5697 ln
1662 5631 1812 5696 doctrina
1844 5629 2068 5716 poenitentiae
2100 5643 2154 5697 est
2174 5632 2493 5721 necesse..enarrarl
