<?xml version="1.0" encoding="UTF-8"?>
<!DOCTYPE html PUBLIC "-//W3C//DTD XHTML 1.0 Transitional//EN"
    "http://www.w3.org/TR/xhtml1/DTD/xhtml1-transitional.dtd">
<html xmlns="http://www.w3.org/1999/xhtml" xml:lang="en" lang="en">
 <head>
  <title>
</title>
<meta http-equiv="Content-Type" content="text/html;charset=utf-8" />
  <meta name='ocr-system' content='tesseract 3.04.00' />
  <meta name='ocr-capabilities' content='ocr_page ocr_carea ocr_par ocr_line ocrx_word'/>
</head>
<body>
  <div class='ocr_page' id='page_1' title='image "./philippimelanth06melagoog_0291.png"; bbox 0 0 5934 6709; ppageno 0'>
   <div class='ocr_carea' id='block_1_1' title="bbox 471 715 538 784">
    <p class='ocr_par' dir='ltr' id='par_1_1' title="bbox 471 715 538 784">
     <span class='ocr_line' id='line_1_1' title="bbox 471 715 538 784; baseline 0 0"><span class='ocrx_word' id='word_1_1' title='bbox 471 715 538 784; x_wconf 75' lang='lat' dir='ltr'><strong>tta</strong></span> 
     </span>
    </p>
   </div>
   <div class='ocr_carea' id='block_1_2' title="bbox 470 898 1454 1421">
    <p class='ocr_par' dir='ltr' id='par_1_2' title="bbox 470 898 1454 1421">
     <span class='ocr_line' id='line_1_2' title="bbox 470 898 1453 991; baseline -0.002 -21"><span class='ocrx_word' id='word_1_2' title='bbox 470 898 702 991; x_wconf 85' lang='lat' dir='ltr'><strong>temperantia.</strong></span> <span class='ocrx_word' id='word_1_3' title='bbox 745 901 975 973; x_wconf 84' lang='lat' dir='ltr'><strong>Helluetiones</strong></span> <span class='ocrx_word' id='word_1_4' title='bbox 997 926 1065 971; x_wconf 92' lang='lat' dir='ltr'><strong>nou</strong></span> <span class='ocrx_word' id='word_1_5' title='bbox 1087 905 1291 971; x_wconf 84' lang='lat' dir='ltr'><strong>conveniunt</strong></span> <span class='ocrx_word' id='word_1_6' title='bbox 1311 925 1453 990; x_wconf 89' lang='lat' dir='ltr'><strong>precan-</strong></span> 
     </span>
     <span class='ocr_line' id='line_1_3' title="bbox 473 990 1454 1070; baseline 0 -13"><span class='ocrx_word' id='word_1_7' title='bbox 473 993 579 1059; x_wconf 90' lang='lat' dir='ltr'><strong>tibus:</strong></span> <span class='ocrx_word' id='word_1_8' title='bbox 601 990 705 1058; x_wconf 91' lang='lat' dir='ltr'><strong>multo</strong></span> <span class='ocrx_word' id='word_1_9' title='bbox 737 993 845 1057; x_wconf 84' lang='lat' dir='ltr'><strong>minus</strong></span> <span class='ocrx_word' id='word_1_10' title='bbox 874 990 1059 1058; x_wconf 76' lang='lat' dir='ltr'><strong>sceleratae</strong></span> <span class='ocrx_word' id='word_1_11' title='bbox 1092 990 1294 1070; x_wconf 88' lang='lat' dir='ltr'><strong>voluntates,</strong></span> <span class='ocrx_word' id='word_1_12' title='bbox 1325 992 1359 1054; x_wconf 87' lang='lat' dir='ltr'><strong>id</strong></span> <span class='ocrx_word' id='word_1_13' title='bbox 1389 1003 1454 1070; x_wconf 74' lang='lat' dir='ltr'><strong>ast,</strong></span> 
     </span>
     <span class='ocr_line' id='line_1_4' title="bbox 473 1074 1453 1163; baseline -0.001 -20"><span class='ocrx_word' id='word_1_14' title='bbox 473 1074 595 1143; x_wconf 88' lang='lat' dir='ltr'><strong>malum</strong></span> <span class='ocrx_word' id='word_1_15' title='bbox 617 1078 822 1162; x_wconf 88' lang='lat' dir='ltr'><strong>propositum</strong></span> <span class='ocrx_word' id='word_1_16' title='bbox 852 1079 1090 1163; x_wconf 78' lang='lat' dir='ltr'><strong>perseverandi</strong></span> <span class='ocrx_word' id='word_1_17' title='bbox 1112 1080 1145 1143; x_wconf 93' lang='lat' dir='ltr'><strong>in</strong></span> <span class='ocrx_word' id='word_1_18' title='bbox 1174 1096 1374 1163; x_wconf 86' lang='lat' dir='ltr'><strong>quocunque</strong></span> <span class='ocrx_word' id='word_1_19' title='bbox 1395 1078 1453 1142; x_wconf 89' lang='lat' dir='ltr'><strong>de·</strong></span> 
     </span>
     <span class='ocr_line' id='line_1_5' title="bbox 472 1160 1453 1249; baseline 0.001 -23"><span class='ocrx_word' id='word_1_20' title='bbox 472 1160 564 1229; x_wconf 91' lang='lat' dir='ltr'><strong>licto.</strong></span> <span class='ocrx_word' id='word_1_21' title='bbox 594 1161 749 1229; x_wconf 79' lang='lat' dir='ltr'>Omnium</span> <span class='ocrx_word' id='word_1_22' title='bbox 772 1182 854 1228; x_wconf 79' lang='lat' dir='ltr'><strong>uero</strong></span> <span class='ocrx_word' id='word_1_23' title='bbox 870 1165 1002 1230; x_wconf 92' lang='lat' dir='ltr'><strong>minime</strong></span> <span class='ocrx_word' id='word_1_24' title='bbox 1024 1165 1227 1231; x_wconf 85' lang='lat' dir='ltr'><strong>conveniunt</strong></span> <span class='ocrx_word' id='word_1_25' title='bbox 1251 1183 1359 1249; x_wconf 85' lang='lat' dir='ltr'><strong>vagae</strong></span> <span class='ocrx_word' id='word_1_26' title='bbox 1380 1160 1453 1229; x_wconf 89' lang='lat' dir='ltr'><strong>libi·</strong></span> 
     </span>
     <span class='ocr_line' id='line_1_6' title="bbox 473 1246 1451 1334; baseline 0.001 -21"><span class='ocrx_word' id='word_1_27' title='bbox 473 1250 584 1314; x_wconf 86' lang='lat' dir='ltr'><strong>dines=</strong></span> <span class='ocrx_word' id='word_1_28' title='bbox 608 1250 688 1313; x_wconf 93' lang='lat' dir='ltr'><strong>boni</strong></span> <span class='ocrx_word' id='word_1_29' title='bbox 712 1246 821 1334; x_wconf 85' lang='lat' dir='ltr'><strong>angeli</strong></span> <span class='ocrx_word' id='word_1_30' title='bbox 843 1247 1067 1315; x_wconf 88' lang='lat' dir='ltr'><strong>abhorrente</strong></span> <span class='ocrx_word' id='word_1_31' title='bbox 1092 1246 1300 1328; x_wconf 81' lang='lat' dir='ltr'><strong>libidinibus,</strong></span> <span class='ocrx_word' id='word_1_32' title='bbox 1326 1246 1451 1333; x_wconf 89' lang='lat' dir='ltr'><strong>pellun-</strong></span> 
     </span>
     <span class='ocr_line' id='line_1_7' title="bbox 472 1331 1452 1421; baseline -0.001 -20"><span class='ocrx_word' id='word_1_33' title='bbox 472 1345 525 1401; x_wconf 88' lang='lat' dir='ltr'><strong>tur</strong></span> <span class='ocrx_word' id='word_1_34' title='bbox 546 1354 568 1399; x_wconf 93' lang='lat' dir='ltr'><strong>a</strong></span> <span class='ocrx_word' id='word_1_35' title='bbox 589 1331 789 1414; x_wconf 85' lang='lat' dir='ltr'><strong>libidinosis,</strong></span> <span class='ocrx_word' id='word_1_36' title='bbox 809 1346 1006 1400; x_wconf 86' lang='lat' dir='ltr'><strong>aversantur</strong></span> <span class='ocrx_word' id='word_1_37' title='bbox 1028 1346 1061 1400; x_wconf 90' lang='lat' dir='ltr'><strong>et</strong></span> <span class='ocrx_word' id='word_1_38' title='bbox 1085 1335 1216 1421; x_wconf 89' lang='lat' dir='ltr'><strong>lugiunt</strong></span> <span class='ocrx_word' id='word_1_39' title='bbox 1238 1332 1452 1412; x_wconf 85' lang='lat' dir='ltr'><strong>libidinosos3</strong></span> 
     </span>
    </p>
   </div>
   <div class='ocr_carea' id='block_1_3' title="bbox 1108 710 1848 784">
    <p class='ocr_par' dir='ltr' id='par_1_3' title="bbox 1108 710 1848 784">
     <span class='ocr_line' id='line_1_8' title="bbox 1108 710 1848 784; baseline 0 -2"><span class='ocrx_word' id='word_1_40' title='bbox 1108 714 1222 783; x_wconf 76' lang='lat' dir='ltr'><strong>Pan..</strong></span> <span class='ocrx_word' id='word_1_41' title='bbox 1242 713 1349 784; x_wconf 72' lang='lat' dir='ltr'><strong>nub.</strong></span> <span class='ocrx_word' id='word_1_42' title='bbox 1371 710 1562 783; x_wconf 76' lang='lat' dir='ltr'><strong>SCRlP&#39;l&#39;A</strong></span> <span class='ocrx_word' id='word_1_43' title='bbox 1581 711 1848 783; x_wconf 66' lang='lat' dir='ltr'><strong>maestos.</strong></span> 
     </span>
    </p>
   </div>
   <div class='ocr_carea' id='block_1_4' title="bbox 2416 710 2486 781">
    <p class='ocr_par' dir='ltr' id='par_1_4' title="bbox 2416 710 2486 781">
     <span class='ocr_line' id='line_1_9' title="bbox 2416 710 2486 781; baseline 0 0"><span class='ocrx_word' id='word_1_44' title='bbox 2416 710 2486 781; x_wconf 76' lang='lat' dir='ltr'><strong>ast</strong></span> 
     </span>
    </p>
   </div>
   <div class='ocr_carea' id='block_1_5' title="bbox 1503 900 2484 1412">
    <p class='ocr_par' dir='ltr' id='par_1_5' title="bbox 1503 900 2484 1412">
     <span class='ocr_line' id='line_1_10' title="bbox 1504 900 2483 993; baseline -0.002 -25"><span class='ocrx_word' id='word_1_45' title='bbox 1504 922 1597 982; x_wconf 89' lang='lat' dir='ltr'><strong>nem,</strong></span> <span class='ocrx_word' id='word_1_46' title='bbox 1625 923 1667 967; x_wconf 88' lang='lat' dir='ltr'><strong>ac</strong></span> <span class='ocrx_word' id='word_1_47' title='bbox 1689 902 1911 993; x_wconf 72' lang='lat' dir='ltr'><strong>petitionem„</strong></span> <span class='ocrx_word' id='word_1_48' title='bbox 1925 913 1961 969; x_wconf 91' lang='lat' dir='ltr'><strong>ut</strong></span> <span class='ocrx_word' id='word_1_49' title='bbox 1982 900 2078 967; x_wconf 91' lang='lat' dir='ltr'><strong>Deus</strong></span> <span class='ocrx_word' id='word_1_50' title='bbox 2106 901 2274 969; x_wconf 86' lang='lat' dir='ltr'><strong>custodiat</strong></span> <span class='ocrx_word' id='word_1_51' title='bbox 2292 919 2359 966; x_wconf 87' lang='lat' dir='ltr'><strong>nos</strong></span> <span class='ocrx_word' id='word_1_52' title='bbox 2380 919 2483 966; x_wconf 85' lang='lat' dir='ltr'><strong>excu-</strong></span> 
     </span>
     <span class='ocr_line' id='line_1_11' title="bbox 1504 984 2484 1074; baseline -0.004 -20"><span class='ocrx_word' id='word_1_53' title='bbox 1504 989 1567 1054; x_wconf 87' lang='lat' dir='ltr'><strong>biis</strong></span> <span class='ocrx_word' id='word_1_54' title='bbox 1590 986 1794 1074; x_wconf 79' lang='lat' dir='ltr'><strong>angelorum.</strong></span> <span class='ocrx_word' id='word_1_55' title='bbox 1818 986 1964 1054; x_wconf 87' lang='lat' dir='ltr'><strong>Primum</strong></span> <span class='ocrx_word' id='word_1_56' title='bbox 1986 988 2029 1053; x_wconf 87' lang='lat' dir='ltr'><strong>da</strong></span> <span class='ocrx_word' id='word_1_57' title='bbox 2050 988 2368 1054; x_wconf 81' lang='lat' dir='ltr'><strong>doctriuadicamus</strong></span> <span class='ocrx_word' id='word_1_58' title='bbox 2391 984 2484 1051; x_wconf 88' lang='lat' dir='ltr'><strong>Con·</strong></span> 
     </span>
     <span class='ocr_line' id='line_1_12' title="bbox 1504 1071 2484 1160; baseline 0 -22"><span class='ocrx_word' id='word_1_59' title='bbox 1504 1075 1678 1139; x_wconf 84' lang='lat' dir='ltr'><strong>stituaruus</strong></span> <span class='ocrx_word' id='word_1_60' title='bbox 1702 1073 1925 1139; x_wconf 86' lang='lat' dir='ltr'><strong>definitionem</strong></span> <span class='ocrx_word' id='word_1_61' title='bbox 1950 1076 2027 1140; x_wconf 91' lang='lat' dir='ltr'><strong>boni</strong></span> <span class='ocrx_word' id='word_1_62' title='bbox 2049 1071 2175 1160; x_wconf 78' lang='lat' dir='ltr'><strong>angeli:</strong></span> <span class='ocrx_word' id='word_1_63' title='bbox 2199 1075 2277 1158; x_wconf 85' lang='lat' dir='ltr'><strong>quia</strong></span> <span class='ocrx_word' id='word_1_64' title='bbox 2297 1071 2417 1139; x_wconf 85' lang='lat' dir='ltr'><strong>melius</strong></span> <span class='ocrx_word' id='word_1_65' title='bbox 2429 1083 2484 1138; x_wconf 86' lang='lat' dir='ltr'><strong>est</strong></span> 
     </span>
     <span class='ocr_line' id='line_1_13' title="bbox 1504 1155 2483 1244; baseline 0.001 -21"><span class='ocrx_word' id='word_1_66' title='bbox 1504 1161 1707 1226; x_wconf 89' lang='lat' dir='ltr'><strong>constituere</strong></span> <span class='ocrx_word' id='word_1_67' title='bbox 1729 1159 1954 1225; x_wconf 81' lang='lat' dir='ltr'><strong>definitionem</strong></span> <span class='ocrx_word' id='word_1_68' title='bbox 1976 1161 2100 1244; x_wconf 86' lang='lat' dir='ltr'><strong>speciei</strong></span> <span class='ocrx_word' id='word_1_69' title='bbox 2118 1157 2257 1226; x_wconf 88' lang='lat' dir='ltr'><strong>alicuius</strong></span> <span class='ocrx_word' id='word_1_70' title='bbox 2270 1171 2393 1238; x_wconf 87' lang='lat' dir='ltr'><strong>certae,</strong></span> <span class='ocrx_word' id='word_1_71' title='bbox 2416 1155 2483 1239; x_wconf 86' lang='lat' dir='ltr'><strong>vel,</strong></span> 
     </span>
     <span class='ocr_line' id='line_1_14' title="bbox 1503 1243 2484 1331; baseline -0.001 -20"><span class='ocrx_word' id='word_1_72' title='bbox 1503 1259 1538 1311; x_wconf 92' lang='lat' dir='ltr'><strong>ut</strong></span> <span class='ocrx_word' id='word_1_73' title='bbox 1571 1244 1769 1331; x_wconf 90' lang='lat' dir='ltr'><strong>loquuntur,</strong></span> <span class='ocrx_word' id='word_1_74' title='bbox 1803 1243 2076 1330; x_wconf 85' lang='lat' dir='ltr'><strong>specialissimae.</strong></span> <span class='ocrx_word' id='word_1_75' title='bbox 2125 1245 2185 1308; x_wconf 80' lang='lat' dir='ltr'><strong>Est</strong></span> <span class='ocrx_word' id='word_1_76' title='bbox 2215 1247 2316 1328; x_wconf 70' lang='lat' dir='ltr'><strong>igitur</strong></span> <span class='ocrx_word' id='word_1_77' title='bbox 2342 1243 2484 1327; x_wconf 70' lang='lat' dir='ltr'><strong>supatru</strong></span> 
     </span>
     <span class='ocr_line' id='line_1_15' title="bbox 1504 1330 2483 1412; baseline 0.005 -21"><span class='ocrx_word' id='word_1_78' title='bbox 1504 1332 1602 1396; x_wconf 70' lang='lat' dir='ltr'><strong>tonnus</strong></span> <span class='ocrx_word' id='word_1_79' title='bbox 1629 1352 1770 1412; x_wconf 82' lang='lat' dir='ltr'><strong>persono</strong></span> <span class='ocrx_word' id='word_1_80' title='bbox 1802 1332 1981 1412; x_wconf 80' lang='lat' dir='ltr'><strong>spiritualis</strong></span> <span class='ocrx_word' id='word_1_81' title='bbox 2013 1339 2109 1393; x_wconf 85' lang='lat' dir='ltr'><strong>creat.</strong></span> <span class='ocrx_word' id='word_1_82' title='bbox 2157 1330 2265 1412; x_wconf 83' lang='lat' dir='ltr'><strong>(Deus</strong></span> <span class='ocrx_word' id='word_1_83' title='bbox 2298 1332 2396 1396; x_wconf 82' lang='lat' dir='ltr'><strong>etlam</strong></span> <span class='ocrx_word' id='word_1_84' title='bbox 2429 1342 2483 1396; x_wconf 84' lang='lat' dir='ltr'><strong>est</strong></span> 
     </span>
    </p>
   </div>
   <div class='ocr_carea' id='block_1_6' title="bbox 356 2189 1945 2279">
    <p class='ocr_par' dir='ltr' id='par_1_6' title="bbox 356 2189 1945 2279">
     <span class='ocr_line' id='line_1_16' title="bbox 356 2189 1945 2279; baseline -0.004 -20"><span class='ocrx_word' id='word_1_85' title='bbox 356 2216 358 2221; x_wconf 92' lang='lat'>·</span> <span class='ocrx_word' id='word_1_86' title='bbox 474 2190 596 2270; x_wconf 90' lang='lat' dir='ltr'><strong>cubile,</strong></span> <span class='ocrx_word' id='word_1_87' title='bbox 618 2204 651 2257; x_wconf 90' lang='lat' dir='ltr'><strong>et</strong></span> <span class='ocrx_word' id='word_1_88' title='bbox 673 2189 845 2272; x_wconf 90' lang='lat' dir='ltr'><strong>lectulum,</strong></span> <span class='ocrx_word' id='word_1_89' title='bbox 875 2194 959 2277; x_wconf 89' lang='lat' dir='ltr'><strong>depe</strong></span> <span class='ocrx_word' id='word_1_90' title='bbox 972 2192 1043 2258; x_wconf 90' lang='lat' dir='ltr'><strong>lunt</strong></span> <span class='ocrx_word' id='word_1_91' title='bbox 1065 2191 1174 2260; x_wconf 89' lang='lat' dir='ltr'><strong>malos</strong></span> <span class='ocrx_word' id='word_1_92' title='bbox 1196 2196 1344 2279; x_wconf 87' lang='lat' dir='ltr'><strong>spiritus.</strong></span> <span class='ocrx_word' id='word_1_93' title='bbox 1387 2193 1452 2260; x_wconf 82' lang='lat' dir='ltr'><strong>To·</strong></span> <span class='ocrx_word' id='word_1_94' title='bbox 1506 2202 1614 2267; x_wconf 85' lang='lat' dir='ltr'><strong>cante,</strong></span> <span class='ocrx_word' id='word_1_95' title='bbox 1636 2189 1708 2250; x_wconf 86' lang='lat' dir='ltr'><strong>Dos</strong></span> <span class='ocrx_word' id='word_1_96' title='bbox 1729 2193 1787 2250; x_wconf 84' lang='lat' dir='ltr'><strong>wir</strong></span> <span class='ocrx_word' id='word_1_97' title='bbox 1814 2189 1945 2252; x_wconf 75' lang='lat' dir='ltr'><strong>renuet</strong></span> 
     </span>
    </p>
   </div>
   <div class='ocr_carea' id='block_1_7' title="bbox 472 1414 2537 4685">
    <p class='ocr_par' dir='ltr' id='par_1_7' title="bbox 472 1414 2482 3388">
     <span class='ocr_line' id='line_1_17' title="bbox 473 1414 2482 1506; baseline -0.002 -20"><span class='ocrx_word' id='word_1_98' title='bbox 473 1421 551 1506; x_wconf 88' lang='lat' dir='ltr'><strong>quia</strong></span> <span class='ocrx_word' id='word_1_99' title='bbox 572 1432 651 1484; x_wconf 90' lang='lat' dir='ltr'><strong>sunt</strong></span> <span class='ocrx_word' id='word_1_100' title='bbox 671 1433 799 1485; x_wconf 81' lang='lat' dir='ltr'><strong>mentes</strong></span> <span class='ocrx_word' id='word_1_101' title='bbox 823 1433 954 1500; x_wconf 87' lang='lat' dir='ltr'><strong>castae,</strong></span> <span class='ocrx_word' id='word_1_102' title='bbox 978 1432 1011 1486; x_wconf 90' lang='lat' dir='ltr'><strong>et</strong></span> <span class='ocrx_word' id='word_1_103' title='bbox 1042 1432 1154 1487; x_wconf 90' lang='lat' dir='ltr'><strong>amant</strong></span> <span class='ocrx_word' id='word_1_104' title='bbox 1187 1422 1389 1486; x_wconf 84' lang='lat' dir='ltr'><strong>castitatem:</strong></span> <span class='ocrx_word' id='word_1_105' title='bbox 1418 1432 1453 1488; x_wconf 89' lang='lat' dir='ltr'><strong>et</strong></span> <span class='ocrx_word' id='word_1_106' title='bbox 1503 1437 1648 1502; x_wconf 87' lang='lat' dir='ltr'><strong>persona</strong></span> <span class='ocrx_word' id='word_1_107' title='bbox 1671 1414 1864 1502; x_wconf 87' lang='lat' dir='ltr'><strong>spiritualis,</strong></span> <span class='ocrx_word' id='word_1_108' title='bbox 1887 1418 1947 1482; x_wconf 88' lang='lat' dir='ltr'><strong>sed</strong></span> <span class='ocrx_word' id='word_1_109' title='bbox 1970 1438 2037 1483; x_wconf 90' lang='lat' dir='ltr'><strong>non</strong></span> <span class='ocrx_word' id='word_1_110' title='bbox 2061 1423 2189 1494; x_wconf 88' lang='lat' dir='ltr'><strong>creata)</strong></span> <span class='ocrx_word' id='word_1_111' title='bbox 2210 1437 2273 1479; x_wconf 86' lang='lat' dir='ltr'><strong>non</strong></span> <span class='ocrx_word' id='word_1_112' title='bbox 2293 1436 2336 1479; x_wconf 76' lang='lat' dir='ltr'><strong>ea</strong></span> <span class='ocrx_word' id='word_1_113' title='bbox 2356 1418 2482 1481; x_wconf 75' lang='lat' dir='ltr'><strong>demea·</strong></span> 
     </span>
     <span class='ocr_line' id='line_1_18' title="bbox 472 1501 2482 1592; baseline -0.002 -22"><span class='ocrx_word' id='word_1_114' title='bbox 472 1517 651 1592; x_wconf 90' lang='lat' dir='ltr'><strong>propterea</strong></span> <span class='ocrx_word' id='word_1_115' title='bbox 681 1505 836 1572; x_wconf 89' lang='lat' dir='ltr'><strong>libentius</strong></span> <span class='ocrx_word' id='word_1_116' title='bbox 863 1507 987 1572; x_wconf 84' lang='lat' dir='ltr'><strong>adsunt</strong></span> <span class='ocrx_word' id='word_1_117' title='bbox 1007 1503 1205 1582; x_wconf 79' lang='lat' dir='ltr'><strong>infantibus3</strong></span> <span class='ocrx_word' id='word_1_118' title='bbox 1251 1509 1382 1572; x_wconf 90' lang='lat' dir='ltr'><strong>uoniam</strong></span> <span class='ocrx_word' id='word_1_119' title='bbox 1411 1527 1453 1572; x_wconf 84' lang='lat' dir='ltr'><strong>ea</strong></span> <span class='ocrx_word' id='word_1_120' title='bbox 1504 1506 1558 1582; x_wconf 68' lang='lat' dir='ltr'><strong>lis,</strong></span> <span class='ocrx_word' id='word_1_121' title='bbox 1588 1502 1646 1567; x_wconf 70' lang='lat' dir='ltr'><strong>ted</strong></span> <span class='ocrx_word' id='word_1_122' title='bbox 1667 1523 1709 1563; x_wconf 68' lang='lat' dir='ltr'><strong><em>w</em></strong></span> <span class='ocrx_word' id='word_1_123' title='bbox 1729 1502 1846 1575; x_wconf 64' lang='lat' dir='ltr'><strong>nihilo.</strong></span> <span class='ocrx_word' id='word_1_124' title='bbox 1877 1501 1953 1584; x_wconf 81' lang='lat' dir='ltr'><strong>[Est</strong></span> <span class='ocrx_word' id='word_1_125' title='bbox 1998 1502 2154 1570; x_wconf 86' lang='lat' dir='ltr'><strong>eculiaris</strong></span> <span class='ocrx_word' id='word_1_126' title='bbox 2176 1504 2339 1589; x_wconf 86' lang='lat' dir='ltr'><strong>quaedam</strong></span> <span class='ocrx_word' id='word_1_127' title='bbox 2360 1516 2482 1568; x_wconf 87' lang='lat' dir='ltr'><strong>natura</strong></span> 
     </span>
     <span class='ocr_line' id='line_1_19' title="bbox 473 1526 2482 1739; baseline -0 -85"><span class='ocrx_word' id='word_1_128' title='bbox 473 1603 568 1656; x_wconf 87' lang='lat' dir='ltr'><strong>aetus</strong></span> <span class='ocrx_word' id='word_1_129' title='bbox 591 1593 703 1656; x_wconf 84' lang='lat' dir='ltr'><strong>adbuc</strong></span> <span class='ocrx_word' id='word_1_130' title='bbox 725 1605 776 1657; x_wconf 87' lang='lat' dir='ltr'><strong>est</strong></span> <span class='ocrx_word' id='word_1_131' title='bbox 805 1594 1063 1658; x_wconf 90' lang='lat' dir='ltr'><strong>incontaminata</strong></span> <span class='ocrx_word' id='word_1_132' title='bbox 1085 1605 1118 1658; x_wconf 87' lang='lat' dir='ltr'><strong>et</strong></span> <span class='ocrx_word' id='word_1_133' title='bbox 1139 1528 1321 1678; x_wconf 89' lang='lat' dir='ltr'><strong>impolluta.</strong></span> <span class='ocrx_word' id='word_1_134' title='bbox 1366 1592 1452 1667; x_wconf 88' lang='lat' dir='ltr'><strong>Qua·</strong></span> <span class='ocrx_word' id='word_1_135' title='bbox 1503 1586 1715 1675; x_wconf 79' lang='lat' dir='ltr'><strong>angelorum:</strong></span> <span class='ocrx_word' id='word_1_136' title='bbox 1738 1609 1804 1652; x_wconf 92' lang='lat' dir='ltr'><strong>non</strong></span> <span class='ocrx_word' id='word_1_137' title='bbox 1827 1602 1943 1655; x_wconf 86' lang='lat' dir='ltr'><strong>estex</strong></span> <span class='ocrx_word' id='word_1_138' title='bbox 1965 1526 2137 1655; x_wconf 76' lang='lat' dir='ltr'><strong>clementis</strong></span> <span class='ocrx_word' id='word_1_139' title='bbox 2150 1590 2348 1674; x_wconf 88' lang='lat' dir='ltr'><strong>composita,</strong></span> <span class='ocrx_word' id='word_1_140' title='bbox 2370 1608 2482 1739; x_wconf 64' lang='lat' dir='ltr'><strong>paam·</strong></span> 
     </span>
     <span class='ocr_line' id='line_1_20' title="bbox 472 1672 2482 1763; baseline 0 -23"><span class='ocrx_word' id='word_1_141' title='bbox 472 1673 515 1740; x_wconf 90' lang='lat' dir='ltr'><strong>lis</strong></span> <span class='ocrx_word' id='word_1_142' title='bbox 538 1674 647 1763; x_wconf 88' lang='lat' dir='ltr'><strong>qualis</strong></span> <span class='ocrx_word' id='word_1_143' title='bbox 669 1689 721 1743; x_wconf 88' lang='lat' dir='ltr'><strong>est</strong></span> <span class='ocrx_word' id='word_1_144' title='bbox 743 1675 798 1742; x_wconf 90' lang='lat' dir='ltr'><strong>illa</strong></span> <span class='ocrx_word' id='word_1_145' title='bbox 829 1689 942 1758; x_wconf 86' lang='lat' dir='ltr'><strong>aetas,</strong></span> <span class='ocrx_word' id='word_1_146' title='bbox 971 1691 1081 1743; x_wconf 90' lang='lat' dir='ltr'><strong>tamen</strong></span> <span class='ocrx_word' id='word_1_147' title='bbox 1104 1679 1210 1743; x_wconf 85' lang='lat' dir='ltr'><strong>minus</strong></span> <span class='ocrx_word' id='word_1_148' title='bbox 1234 1680 1335 1744; x_wconf 89' lang='lat' dir='ltr'><strong>babet</strong></span> <span class='ocrx_word' id='word_1_149' title='bbox 1358 1680 1452 1744; x_wconf 89' lang='lat' dir='ltr'><strong>vitio·</strong></span> <span class='ocrx_word' id='word_1_150' title='bbox 1505 1696 1602 1761; x_wconf 89' lang='lat' dir='ltr'><strong>quam</strong></span> <span class='ocrx_word' id='word_1_151' title='bbox 1626 1685 1886 1740; x_wconf 87' lang='lat' dir='ltr'><strong>consentaneum</strong></span> <span class='ocrx_word' id='word_1_152' title='bbox 1909 1686 1961 1741; x_wconf 84' lang='lat' dir='ltr'><strong>est.</strong></span> <span class='ocrx_word' id='word_1_153' title='bbox 1982 1674 2126 1761; x_wconf 90' lang='lat' dir='ltr'><strong>aliquam</strong></span> <span class='ocrx_word' id='word_1_154' title='bbox 2148 1695 2225 1741; x_wconf 78' lang='lat' dir='ltr'><strong>esse</strong></span> <span class='ocrx_word' id='word_1_155' title='bbox 2236 1672 2369 1741; x_wconf 90' lang='lat' dir='ltr'><strong>similitu</strong></span> <span class='ocrx_word' id='word_1_156' title='bbox 2395 1676 2482 1740; x_wconf 87' lang='lat' dir='ltr'><strong>inem</strong></span> 
     </span>
     <span class='ocr_line' id='line_1_21' title="bbox 472 1757 2481 1852; baseline 0 -26"><span class='ocrx_word' id='word_1_157' title='bbox 472 1783 558 1841; x_wconf 90' lang='lat' dir='ltr'><strong>rum,</strong></span> <span class='ocrx_word' id='word_1_158' title='bbox 591 1775 625 1828; x_wconf 90' lang='lat' dir='ltr'><strong>et</strong></span> <span class='ocrx_word' id='word_1_159' title='bbox 647 1775 700 1828; x_wconf 90' lang='lat' dir='ltr'><strong>est</strong></span> <span class='ocrx_word' id='word_1_160' title='bbox 718 1765 856 1842; x_wconf 82' lang='lat' dir='ltr'><strong>castior,</strong></span> <span class='ocrx_word' id='word_1_161' title='bbox 878 1784 977 1849; x_wconf 86' lang='lat' dir='ltr'><strong>quam</strong></span> <span class='ocrx_word' id='word_1_162' title='bbox 1000 1761 1057 1830; x_wconf 91' lang='lat' dir='ltr'><strong>ulli</strong></span> <span class='ocrx_word' id='word_1_163' title='bbox 1080 1784 1189 1830; x_wconf 87' lang='lat' dir='ltr'><strong>senes.</strong></span> <span class='ocrx_word' id='word_1_164' title='bbox 1235 1765 1345 1832; x_wconf 85' lang='lat' dir='ltr'><strong>Simus</strong></span> <span class='ocrx_word' id='word_1_165' title='bbox 1369 1785 1452 1852; x_wconf 85' lang='lat' dir='ltr'><strong>ergo</strong></span> <span class='ocrx_word' id='word_1_166' title='bbox 1505 1780 1578 1826; x_wconf 91' lang='lat' dir='ltr'><strong>cum</strong></span> <span class='ocrx_word' id='word_1_167' title='bbox 1599 1772 1719 1850; x_wconf 88' lang='lat' dir='ltr'><strong>natura</strong></span> <span class='ocrx_word' id='word_1_168' title='bbox 1740 1759 1827 1826; x_wconf 87' lang='lat' dir='ltr'><strong>coeli</strong></span> <span class='ocrx_word' id='word_1_169' title='bbox 1849 1772 1882 1827; x_wconf 89' lang='lat' dir='ltr'><strong>et</strong></span> <span class='ocrx_word' id='word_1_170' title='bbox 1894 1757 2078 1841; x_wconf 87' lang='lat' dir='ltr'><strong>stellarum,</strong></span> <span class='ocrx_word' id='word_1_171' title='bbox 2100 1773 2236 1846; x_wconf 90' lang='lat' dir='ltr'><strong>propter</strong></span> <span class='ocrx_word' id='word_1_172' title='bbox 2251 1758 2481 1846; x_wconf 78' lang='lat' dir='ltr'><strong>splendorem:</strong></span> 
     </span>
     <span class='ocr_line' id='line_1_22' title="bbox 472 1844 2482 1938; baseline 0 -26"><span class='ocrx_word' id='word_1_173' title='bbox 472 1851 701 1928; x_wconf 80' lang='lat' dir='ltr'><strong>continentes,</strong></span> <span class='ocrx_word' id='word_1_174' title='bbox 735 1859 975 1934; x_wconf 84' lang='lat' dir='ltr'><strong>temperantes,</strong></span> <span class='ocrx_word' id='word_1_175' title='bbox 1001 1851 1155 1916; x_wconf 91' lang='lat' dir='ltr'><strong>modesti.</strong></span> <span class='ocrx_word' id='word_1_176' title='bbox 1207 1848 1362 1938; x_wconf 81' lang='lat' dir='ltr'><strong>Cogitate</strong></span> <span class='ocrx_word' id='word_1_177' title='bbox 1388 1869 1452 1915; x_wconf 82' lang='lat' dir='ltr'><strong>uos</strong></span> <span class='ocrx_word' id='word_1_178' title='bbox 1505 1848 1592 1913; x_wconf 91' lang='lat' dir='ltr'><strong>sicut</strong></span> <span class='ocrx_word' id='word_1_179' title='bbox 1614 1844 1695 1912; x_wconf 87' lang='lat' dir='ltr'><strong>illud</strong></span> <span class='ocrx_word' id='word_1_180' title='bbox 1718 1866 1839 1912; x_wconf 92' lang='lat' dir='ltr'><strong>nomen</strong></span> <span class='ocrx_word' id='word_1_181' title='bbox 1862 1847 1998 1913; x_wconf 92' lang='lat' dir='ltr'><strong>inditum</strong></span> <span class='ocrx_word' id='word_1_182' title='bbox 2025 1861 2078 1912; x_wconf 88' lang='lat' dir='ltr'><strong>est</strong></span> <span class='ocrx_word' id='word_1_183' title='bbox 2101 1845 2243 1933; x_wconf 81' lang='lat' dir='ltr'><strong>angelis,</strong></span> <span class='ocrx_word' id='word_1_184' title='bbox 2268 1859 2305 1911; x_wconf 91' lang='lat' dir='ltr'><strong>ut</strong></span> <span class='ocrx_word' id='word_1_185' title='bbox 2329 1847 2482 1914; x_wconf 84' lang='lat' dir='ltr'><strong>dicautur</strong></span> 
     </span>
     <span class='ocr_line' id='line_1_23' title="bbox 473 1930 2482 2022; baseline 0 -22"><span class='ocrx_word' id='word_1_186' title='bbox 473 1934 588 2000; x_wconf 84' lang='lat' dir='ltr'><strong>vivere</strong></span> <span class='ocrx_word' id='word_1_187' title='bbox 610 1936 642 1999; x_wconf 91' lang='lat' dir='ltr'><strong>in</strong></span> <span class='ocrx_word' id='word_1_188' title='bbox 655 1946 917 2022; x_wconf 88' lang='lat' dir='ltr'><strong>conspectunon</strong></span> <span class='ocrx_word' id='word_1_189' title='bbox 931 1947 1055 2000; x_wconf 90' lang='lat' dir='ltr'><strong>tantum</strong></span> <span class='ocrx_word' id='word_1_190' title='bbox 1066 1935 1247 2016; x_wconf 90' lang='lat' dir='ltr'><strong>hominum,</strong></span> <span class='ocrx_word' id='word_1_191' title='bbox 1269 1939 1330 2002; x_wconf 82' lang='lat' dir='ltr'><strong>sed</strong></span> <span class='ocrx_word' id='word_1_192' title='bbox 1347 1938 1452 2022; x_wconf 89' lang='lat' dir='ltr'><strong>ipsius</strong></span> <span class='ocrx_word' id='word_1_193' title='bbox 1503 1931 1677 2013; x_wconf 68' lang='lat' dir='ltr'><strong>Seraphim.</strong></span> <span class='ocrx_word' id='word_1_194' title='bbox 1726 1930 1869 2017; x_wconf 87' lang='lat' dir='ltr'><strong>Seraph,</strong></span> <span class='ocrx_word' id='word_1_195' title='bbox 1890 1932 1971 1996; x_wconf 80' lang='lat' dir='ltr'><strong>beist</strong></span> <span class='ocrx_word' id='word_1_196' title='bbox 1992 1935 2190 2014; x_wconf 87' lang='lat' dir='ltr'><strong>accendere,</strong></span> <span class='ocrx_word' id='word_1_197' title='bbox 2222 1933 2289 1996; x_wconf 78' lang='lat' dir='ltr'><strong>uad</strong></span> <span class='ocrx_word' id='word_1_198' title='bbox 2312 1932 2383 2014; x_wconf 64' lang='lat' dir='ltr'><strong>gibt</strong></span> <span class='ocrx_word' id='word_1_199' title='bbox 2410 1952 2482 1994; x_wconf 73' lang='lat' dir='ltr'><strong>man</strong></span> 
     </span>
     <span class='ocr_line' id='line_1_24' title="bbox 472 2015 2482 2107; baseline -0 -23"><span class='ocrx_word' id='word_1_200' title='bbox 472 2018 547 2086; x_wconf 87' lang='lat' dir='ltr'><strong>Filii</strong></span> <span class='ocrx_word' id='word_1_201' title='bbox 568 2018 646 2100; x_wconf 89' lang='lat' dir='ltr'><strong>Dei,</strong></span> <span class='ocrx_word' id='word_1_202' title='bbox 667 2032 700 2086; x_wconf 90' lang='lat' dir='ltr'><strong>et</strong></span> <span class='ocrx_word' id='word_1_203' title='bbox 721 2018 929 2107; x_wconf 90' lang='lat' dir='ltr'><strong>angelorum.</strong></span> <span class='ocrx_word' id='word_1_204' title='bbox 966 2021 1008 2087; x_wconf 89' lang='lat' dir='ltr'><strong>Hi</strong></span> <span class='ocrx_word' id='word_1_205' title='bbox 1035 2023 1186 2087; x_wconf 83' lang='lat' dir='ltr'><strong>assident</strong></span> <span class='ocrx_word' id='word_1_206' title='bbox 1208 2024 1285 2102; x_wconf 91' lang='lat' dir='ltr'><strong>tibi,</strong></span> <span class='ocrx_word' id='word_1_207' title='bbox 1304 2043 1370 2089; x_wconf 90' lang='lat' dir='ltr'><strong>una</strong></span> <span class='ocrx_word' id='word_1_208' title='bbox 1387 2043 1453 2087; x_wconf 88' lang='lat' dir='ltr'><strong>am·</strong></span> <span class='ocrx_word' id='word_1_209' title='bbox 1505 2017 1619 2082; x_wconf 80' lang='lat' dir='ltr'><strong>dosia</strong></span> <span class='ocrx_word' id='word_1_210' title='bbox 1643 2015 1796 2083; x_wconf 82' lang='lat' dir='ltr'><strong>Psalmo:</strong></span> <span class='ocrx_word' id='word_1_211' title='bbox 1818 2018 1882 2092; x_wconf 90' lang='lat' dir='ltr'><strong>Qul</strong></span> <span class='ocrx_word' id='word_1_212' title='bbox 1903 2016 1983 2085; x_wconf 88' lang='lat' dir='ltr'><strong>lacit</strong></span> <span class='ocrx_word' id='word_1_213' title='bbox 2004 2017 2145 2105; x_wconf 81' lang='lat' dir='ltr'><strong>angelos</strong></span> <span class='ocrx_word' id='word_1_214' title='bbox 2167 2039 2185 2084; x_wconf 93' lang='lat' dir='ltr'><strong>s</strong></span> <span class='ocrx_word' id='word_1_215' title='bbox 2209 2020 2315 2097; x_wconf 82' lang='lat' dir='ltr'><strong>iritus,</strong></span> <span class='ocrx_word' id='word_1_216' title='bbox 2336 2032 2370 2084; x_wconf 87' lang='lat' dir='ltr'><strong>et</strong></span> <span class='ocrx_word' id='word_1_217' title='bbox 2392 2018 2482 2083; x_wconf 85' lang='lat' dir='ltr'><strong>mini·</strong></span> 
     </span>
     <span class='ocr_line' id='line_1_25' title="bbox 473 2102 2481 2258; baseline -0 -87"><span class='ocrx_word' id='word_1_218' title='bbox 473 2104 591 2171; x_wconf 89' lang='lat' dir='ltr'><strong>bulunt</strong></span> <span class='ocrx_word' id='word_1_219' title='bbox 611 2103 835 2186; x_wconf 84' lang='lat' dir='ltr'><strong>familiariter,</strong></span> <span class='ocrx_word' id='word_1_220' title='bbox 858 2118 1037 2258; x_wconf 59' lang='lat' dir='ltr'><strong>protegunt</strong></span> <span class='ocrx_word' id='word_1_221' title='bbox 1057 2119 1107 2187; x_wconf 87' lang='lat' dir='ltr'><strong>te,</strong></span> <span class='ocrx_word' id='word_1_222' title='bbox 1135 2119 1169 2174; x_wconf 87' lang='lat' dir='ltr'><strong>et</strong></span> <span class='ocrx_word' id='word_1_223' title='bbox 1196 2120 1333 2174; x_wconf 87' lang='lat' dir='ltr'><strong>servant</strong></span> <span class='ocrx_word' id='word_1_224' title='bbox 1362 2121 1453 2175; x_wconf 91' lang='lat' dir='ltr'><strong>tuum</strong></span> <span class='ocrx_word' id='word_1_225' title='bbox 1505 2116 1597 2169; x_wconf 91' lang='lat' dir='ltr'><strong>stros</strong></span> <span class='ocrx_word' id='word_1_226' title='bbox 1620 2123 1702 2168; x_wconf 88' lang='lat' dir='ltr'><strong>suos</strong></span> <span class='ocrx_word' id='word_1_227' title='bbox 1724 2105 1852 2189; x_wconf 88' lang='lat' dir='ltr'><strong>ignem,</strong></span> <span class='ocrx_word' id='word_1_228' title='bbox 1875 2104 1918 2170; x_wconf 91' lang='lat' dir='ltr'><strong>de</strong></span> <span class='ocrx_word' id='word_1_229' title='bbox 1944 2103 2125 2251; x_wconf 78' lang='lat' dir='ltr'><strong>splendore</strong></span> <span class='ocrx_word' id='word_1_230' title='bbox 2158 2102 2176 2169; x_wconf 84' lang='lat' dir='ltr'>s</span> <span class='ocrx_word' id='word_1_231' title='bbox 2208 2116 2309 2193; x_wconf 86' lang='lat' dir='ltr'><strong>geute</strong></span> <span class='ocrx_word' id='word_1_232' title='bbox 2341 2124 2404 2170; x_wconf 86' lang='lat' dir='ltr'><strong>seu</strong></span> <span class='ocrx_word' id='word_1_233' title='bbox 2425 2105 2481 2170; x_wconf 83' lang='lat' dir='ltr'><strong>mi·</strong></span> 
     </span>
     <span class='ocr_line' id='line_1_26' title="bbox 1986 2188 2482 2271; baseline 0.008 -20"><span class='ocrx_word' id='word_1_234' title='bbox 1986 2194 2085 2253; x_wconf 83' lang='lat' dir='ltr'><strong>eissen</strong></span> <span class='ocrx_word' id='word_1_235' title='bbox 2107 2190 2207 2271; x_wconf 71' lang='lat' dir='ltr'><strong>holte,</strong></span> <span class='ocrx_word' id='word_1_236' title='bbox 2229 2190 2262 2257; x_wconf 86' lang='lat' dir='ltr'><strong>id</strong></span> <span class='ocrx_word' id='word_1_237' title='bbox 2284 2201 2349 2269; x_wconf 74' lang='lat' dir='ltr'><strong>eei,</strong></span> <span class='ocrx_word' id='word_1_238' title='bbox 2369 2209 2389 2255; x_wconf 81' lang='lat' dir='ltr'><strong>s</strong></span> <span class='ocrx_word' id='word_1_239' title='bbox 2413 2188 2482 2255; x_wconf 80' lang='lat' dir='ltr'><strong>len·</strong></span> 
     </span>
     <span class='ocr_line' id='line_1_27' title="bbox 473 2212 2479 2368; baseline -0.001 -26"><span class='ocrx_word' id='word_1_240' title='bbox 473 2289 529 2343; x_wconf 90' lang='lat' dir='ltr'><strong>tus</strong></span> <span class='ocrx_word' id='word_1_241' title='bbox 552 2298 610 2343; x_wconf 84' lang='lat' dir='ltr'><strong>aar</strong></span> <span class='ocrx_word' id='word_1_242' title='bbox 632 2275 751 2361; x_wconf 88' lang='lat' dir='ltr'><strong>plenus</strong></span> <span class='ocrx_word' id='word_1_243' title='bbox 780 2289 833 2344; x_wconf 90' lang='lat' dir='ltr'><strong>est</strong></span> <span class='ocrx_word' id='word_1_244' title='bbox 853 2278 1016 2345; x_wconf 86' lang='lat' dir='ltr'><strong>malorum</strong></span> <span class='ocrx_word' id='word_1_245' title='bbox 1038 2293 1071 2346; x_wconf 87' lang='lat' dir='ltr'><strong>et</strong></span> <span class='ocrx_word' id='word_1_246' title='bbox 1095 2282 1256 2346; x_wconf 83' lang='lat' dir='ltr'><strong>bonorum</strong></span> <span class='ocrx_word' id='word_1_247' title='bbox 1279 2281 1452 2368; x_wconf 87' lang='lat' dir='ltr'><strong>spirituum</strong></span> <span class='ocrx_word' id='word_1_248' title='bbox 1506 2277 1579 2353; x_wconf 87' lang='lat' dir='ltr'><strong>dur,</strong></span> <span class='ocrx_word' id='word_1_249' title='bbox 1600 2275 1733 2341; x_wconf 89' lang='lat' dir='ltr'><strong>llamma</strong></span> <span class='ocrx_word' id='word_1_250' title='bbox 1767 2273 1912 2362; x_wconf 84' lang='lat' dir='ltr'><strong>lulgens.</strong></span> <span class='ocrx_word' id='word_1_251' title='bbox 1957 2275 2036 2341; x_wconf 85' lang='lat' dir='ltr'><strong>Vox</strong></span> <span class='ocrx_word' id='word_1_252' title='bbox 2059 2276 2259 2343; x_wconf 90' lang='lat' dir='ltr'><strong>Germanica</strong></span> <span class='ocrx_word' id='word_1_253' title='bbox 2292 2289 2345 2341; x_wconf 84' lang='lat' dir='ltr'><strong>est</strong></span> <span class='ocrx_word' id='word_1_254' title='bbox 2365 2212 2479 2341; x_wconf 86' lang='lat' dir='ltr'><strong>allinis</strong></span> 
     </span>
     <span class='ocr_line' id='line_1_28' title="bbox 475 2358 2481 2449; baseline -0.001 -20"><span class='ocrx_word' id='word_1_255' title='bbox 475 2366 669 2429; x_wconf 88' lang='lat' dir='ltr'><strong>certantium</strong></span> <span class='ocrx_word' id='word_1_256' title='bbox 692 2365 778 2429; x_wconf 92' lang='lat' dir='ltr'><strong>inter</strong></span> <span class='ocrx_word' id='word_1_257' title='bbox 799 2385 846 2432; x_wconf 88' lang='lat' dir='ltr'><strong>se.</strong></span> <span class='ocrx_word' id='word_1_258' title='bbox 1505 2361 1700 2427; x_wconf 79' lang='lat' dir='ltr'><strong>llebraicae</strong></span> <span class='ocrx_word' id='word_1_259' title='bbox 1724 2361 1809 2426; x_wconf 89' lang='lat' dir='ltr'><strong>Puto</strong></span> <span class='ocrx_word' id='word_1_260' title='bbox 1832 2363 1930 2426; x_wconf 90' lang='lat' dir='ltr'><strong>etiam</strong></span> <span class='ocrx_word' id='word_1_261' title='bbox 1942 2375 2116 2449; x_wconf 81' lang='lat' dir='ltr'><strong>utramque</strong></span> <span class='ocrx_word' id='word_1_262' title='bbox 2127 2383 2247 2429; x_wconf 86' lang='lat' dir='ltr'><strong>vocem</strong></span> <span class='ocrx_word' id='word_1_263' title='bbox 2256 2358 2389 2428; x_wconf 86' lang='lat' dir='ltr'><strong>affinem</strong></span> <span class='ocrx_word' id='word_1_264' title='bbox 2401 2381 2481 2428; x_wconf 85' lang='lat' dir='ltr'><strong>csse</strong></span> 
     </span>
     <span class='ocr_line' id='line_1_29' title="bbox 1503 2444 2479 2515; baseline -0.002 -2"><span class='ocrx_word' id='word_1_265' title='bbox 1503 2449 1627 2513; x_wconf 88' lang='lat' dir='ltr'><strong>nomini</strong></span> <span class='ocrx_word' id='word_1_266' title='bbox 1660 2445 1768 2511; x_wconf 68' lang='lat' dir='ltr'><strong>Litus.</strong></span> <span class='ocrx_word' id='word_1_267' title='bbox 1813 2444 1922 2512; x_wconf 87' lang='lat' dir='ltr'><strong>Valde</strong></span> <span class='ocrx_word' id='word_1_268' title='bbox 1948 2446 2049 2514; x_wconf 87' lang='lat' dir='ltr'><strong>multa</strong></span> <span class='ocrx_word' id='word_1_269' title='bbox 2081 2448 2250 2515; x_wconf 85' lang='lat' dir='ltr'><strong>vocabula</strong></span> <span class='ocrx_word' id='word_1_270' title='bbox 2282 2459 2359 2514; x_wconf 91' lang='lat' dir='ltr'><strong>sunt</strong></span> <span class='ocrx_word' id='word_1_271' title='bbox 2392 2467 2479 2513; x_wconf 88' lang='lat' dir='ltr'><strong>com·</strong></span> 
     </span>
     <span class='ocr_line' id='line_1_30' title="bbox 1505 2530 2481 2620; baseline -0.004 -22"><span class='ocrx_word' id='word_1_272' title='bbox 1505 2535 1616 2598; x_wconf 90' lang='lat' dir='ltr'><strong>munia</strong></span> <span class='ocrx_word' id='word_1_273' title='bbox 1637 2532 1672 2597; x_wconf 92' lang='lat' dir='ltr'><strong>in</strong></span> <span class='ocrx_word' id='word_1_274' title='bbox 1694 2530 1843 2617; x_wconf 84' lang='lat' dir='ltr'><strong>pluribus</strong></span> <span class='ocrx_word' id='word_1_275' title='bbox 1866 2531 2013 2620; x_wconf 71' lang='lat' dir='ltr'><strong>linguis]</strong></span> <span class='ocrx_word' id='word_1_276' title='bbox 2035 2542 2071 2596; x_wconf 88' lang='lat' dir='ltr'><strong>ut</strong></span> <span class='ocrx_word' id='word_1_277' title='bbox 2094 2535 2247 2597; x_wconf 84' lang='lat' dir='ltr'><strong>dior&#39;nitus</strong></span> <span class='ocrx_word' id='word_1_278' title='bbox 2267 2554 2304 2599; x_wconf 83' lang='lat' dir='ltr'><strong>se</strong></span> <span class='ocrx_word' id='word_1_279' title='bbox 2321 2534 2481 2615; x_wconf 77' lang='lat' dir='ltr'><strong>petefrae·</strong></span> 
     </span>
     <span class='ocr_line' id='line_1_31' title="bbox 1505 2619 2479 2703; baseline 0.002 -24"><span class='ocrx_word' id='word_1_280' title='bbox 1505 2627 1554 2680; x_wconf 85' lang='lat' dir='ltr'><strong>ret</strong></span> <span class='ocrx_word' id='word_1_281' title='bbox 1586 2622 1619 2679; x_wconf 86' lang='lat' dir='ltr'><strong>t&#39;u</strong></span> <span class='ocrx_word' id='word_1_282' title='bbox 1647 2638 1685 2680; x_wconf 86' lang='lat' dir='ltr'><strong>eo</strong></span> <span class='ocrx_word' id='word_1_283' title='bbox 1712 2626 1844 2698; x_wconf 83' lang='lat' dir='ltr'><strong>natura,</strong></span> <span class='ocrx_word' id='word_1_284' title='bbox 1877 2626 2031 2703; x_wconf 78' lang='lat' dir='ltr'><strong>tamquam</strong></span> <span class='ocrx_word' id='word_1_285' title='bbox 2062 2624 2096 2682; x_wconf 86' lang='lat' dir='ltr'><strong>in</strong></span> <span class='ocrx_word' id='word_1_286' title='bbox 2127 2623 2274 2702; x_wconf 84' lang='lat' dir='ltr'><strong>personis</strong></span> <span class='ocrx_word' id='word_1_287' title='bbox 2306 2619 2479 2701; x_wconf 74' lang='lat' dir='ltr'><strong>spirituali·</strong></span> 
     </span>
     <span class='ocr_line' id='line_1_32' title="bbox 1504 2704 2479 2785; baseline 0.006 -22"><span class='ocrx_word' id='word_1_288' title='bbox 1504 2705 1570 2777; x_wconf 76' lang='lat' dir='ltr'><strong>beu,</strong></span> <span class='ocrx_word' id='word_1_289' title='bbox 1592 2724 1654 2766; x_wconf 88' lang='lat' dir='ltr'><strong>nou</strong></span> <span class='ocrx_word' id='word_1_290' title='bbox 1677 2707 1856 2785; x_wconf 83' lang='lat' dir='ltr'><strong>corporeis:</strong></span> <span class='ocrx_word' id='word_1_291' title='bbox 1877 2705 1983 2785; x_wconf 87' lang='lat' dir='ltr'><strong>[Deus</strong></span> <span class='ocrx_word' id='word_1_292' title='bbox 2006 2704 2111 2773; x_wconf 78' lang='lat' dir='ltr'><strong>voluit</strong></span> <span class='ocrx_word' id='word_1_293' title='bbox 2132 2706 2257 2773; x_wconf 89' lang='lat' dir='ltr'><strong>babere</strong></span> <span class='ocrx_word' id='word_1_294' title='bbox 2284 2717 2479 2778; x_wconf 86' lang='lat' dir='ltr'><strong>creaturam,</strong></span> 
     </span>
     <span class='ocr_line' id='line_1_33' title="bbox 1506 2788 2480 2877; baseline 0.001 -22"><span class='ocrx_word' id='word_1_295' title='bbox 1506 2811 1592 2877; x_wconf 89' lang='lat' dir='ltr'><strong>quae</strong></span> <span class='ocrx_word' id='word_1_296' title='bbox 1614 2802 1706 2855; x_wconf 89' lang='lat' dir='ltr'><strong>esset</strong></span> <span class='ocrx_word' id='word_1_297' title='bbox 1728 2802 1852 2855; x_wconf 86' lang='lat' dir='ltr'><strong>tautum</strong></span> <span class='ocrx_word' id='word_1_298' title='bbox 1875 2790 2075 2875; x_wconf 88' lang='lat' dir='ltr'><strong>spiritualis,</strong></span> <span class='ocrx_word' id='word_1_299' title='bbox 2106 2813 2173 2860; x_wconf 91' lang='lat' dir='ltr'><strong>non</strong></span> <span class='ocrx_word' id='word_1_300' title='bbox 2197 2788 2400 2877; x_wconf 85' lang='lat' dir='ltr'><strong>corporalis:</strong></span> <span class='ocrx_word' id='word_1_301' title='bbox 2422 2812 2480 2856; x_wconf 82' lang='lat' dir='ltr'><strong>vo·</strong></span> 
     </span>
     <span class='ocr_line' id='line_1_34' title="bbox 1476 2874 2480 2964; baseline 0 -22"><span class='ocrx_word' id='word_1_302' title='bbox 1476 2950 1480 2964; x_wconf 91' lang='lat'><strong>.</strong></span> <span class='ocrx_word' id='word_1_303' title='bbox 1504 2875 1565 2942; x_wconf 91' lang='lat' dir='ltr'><strong>lnit</strong></span> <span class='ocrx_word' id='word_1_304' title='bbox 1588 2878 1685 2942; x_wconf 91' lang='lat' dir='ltr'><strong>etiam</strong></span> <span class='ocrx_word' id='word_1_305' title='bbox 1708 2877 1741 2941; x_wconf 93' lang='lat' dir='ltr'><strong>in</strong></span> <span class='ocrx_word' id='word_1_306' title='bbox 1761 2874 1819 2940; x_wconf 90' lang='lat' dir='ltr'><strong>tuli</strong></span> <span class='ocrx_word' id='word_1_307' title='bbox 1843 2889 1960 2943; x_wconf 92' lang='lat' dir='ltr'><strong>natura</strong></span> <span class='ocrx_word' id='word_1_308' title='bbox 1982 2881 2133 2964; x_wconf 86' lang='lat' dir='ltr'><strong>agnosci.</strong></span> <span class='ocrx_word' id='word_1_309' title='bbox 2177 2877 2256 2945; x_wconf 91' lang='lat' dir='ltr'><strong>ldeo</strong></span> <span class='ocrx_word' id='word_1_310' title='bbox 2279 2879 2367 2943; x_wconf 84' lang='lat' dir='ltr'><strong>enim</strong></span> <span class='ocrx_word' id='word_1_311' title='bbox 2391 2897 2480 2942; x_wconf 88' lang='lat' dir='ltr'><strong>crea·</strong></span> 
     </span>
     <span class='ocr_line' id='line_1_35' title="bbox 1504 2959 2482 3052; baseline -0.004 -22"><span class='ocrx_word' id='word_1_312' title='bbox 1504 2974 1600 3030; x_wconf 88' lang='lat' dir='ltr'><strong>turae</strong></span> <span class='ocrx_word' id='word_1_313' title='bbox 1622 2959 1806 3027; x_wconf 88' lang='lat' dir='ltr'><strong>rationales</strong></span> <span class='ocrx_word' id='word_1_314' title='bbox 1828 2976 1906 3028; x_wconf 90' lang='lat' dir='ltr'><strong>sunt</strong></span> <span class='ocrx_word' id='word_1_315' title='bbox 1938 2967 2106 3043; x_wconf 87' lang='lat' dir='ltr'><strong>conditae,</strong></span> <span class='ocrx_word' id='word_1_316' title='bbox 2138 2966 2216 3052; x_wconf 90' lang='lat' dir='ltr'><strong>quia</strong></span> <span class='ocrx_word' id='word_1_317' title='bbox 2247 2962 2343 3030; x_wconf 86' lang='lat' dir='ltr'><strong>Deus</strong></span> <span class='ocrx_word' id='word_1_318' title='bbox 2376 2959 2482 3029; x_wconf 89' lang='lat' dir='ltr'><strong>voluit</strong></span> 
     </span>
     <span class='ocr_line' id='line_1_36' title="bbox 1504 3047 2480 3134; baseline 0 -22"><span class='ocrx_word' id='word_1_319' title='bbox 1504 3050 1655 3134; x_wconf 86' lang='lat' dir='ltr'><strong>agnosci.</strong></span> <span class='ocrx_word' id='word_1_320' title='bbox 1701 3047 1809 3113; x_wconf 88' lang='lat' dir='ltr'><strong>Omne</strong></span> <span class='ocrx_word' id='word_1_321' title='bbox 1830 3050 1953 3114; x_wconf 90' lang='lat' dir='ltr'><strong>bonum</strong></span> <span class='ocrx_word' id='word_1_322' title='bbox 1971 3062 2024 3115; x_wconf 88' lang='lat' dir='ltr'><strong>est</strong></span> <span class='ocrx_word' id='word_1_323' title='bbox 2046 3051 2371 3118; x_wconf 72' lang='lat' dir='ltr'><strong>communicativum.</strong></span> <span class='ocrx_word' id='word_1_324' title='bbox 2384 3048 2480 3114; x_wconf 88' lang='lat' dir='ltr'><strong>Deus</strong></span> 
     </span>
     <span class='ocr_line' id='line_1_37' title="bbox 1505 3131 2481 3220; baseline -0.001 -20"><span class='ocrx_word' id='word_1_325' title='bbox 1505 3133 1611 3200; x_wconf 82' lang='lat' dir='ltr'><strong>voluit</strong></span> <span class='ocrx_word' id='word_1_326' title='bbox 1643 3131 1767 3199; x_wconf 85' lang='lat' dir='ltr'><strong>babere</strong></span> <span class='ocrx_word' id='word_1_327' title='bbox 1802 3147 1974 3202; x_wconf 88' lang='lat' dir='ltr'><strong>creaturas</strong></span> <span class='ocrx_word' id='word_1_328' title='bbox 1996 3135 2196 3217; x_wconf 86' lang='lat' dir='ltr'><strong>rationales,</strong></span> <span class='ocrx_word' id='word_1_329' title='bbox 2219 3132 2413 3220; x_wconf 78' lang='lat' dir='ltr'><strong>corporales</strong></span> <span class='ocrx_word' id='word_1_330' title='bbox 2446 3144 2481 3199; x_wconf 86' lang='lat' dir='ltr'><strong>et</strong></span> 
     </span>
     <span class='ocr_line' id='line_1_38' title="bbox 1505 3217 2481 3308; baseline 0 -23"><span class='ocrx_word' id='word_1_331' title='bbox 1505 3217 1705 3306; x_wconf 86' lang='lat' dir='ltr'><strong>spirituales,</strong></span> <span class='ocrx_word' id='word_1_332' title='bbox 1727 3239 1787 3305; x_wconf 83' lang='lat' dir='ltr'><strong>per</strong></span> <span class='ocrx_word' id='word_1_333' title='bbox 1809 3240 1894 3304; x_wconf 85' lang='lat' dir='ltr'><strong>quas</strong></span> <span class='ocrx_word' id='word_1_334' title='bbox 1916 3235 2173 3308; x_wconf 88' lang='lat' dir='ltr'><strong>agnosceretur,</strong></span> <span class='ocrx_word' id='word_1_335' title='bbox 2195 3223 2373 3308; x_wconf 85' lang='lat' dir='ltr'><strong>atquibus</strong></span> <span class='ocrx_word' id='word_1_336' title='bbox 2396 3240 2481 3286; x_wconf 90' lang='lat' dir='ltr'><strong>oom-</strong></span> 
     </span>
     <span class='ocr_line' id='line_1_39' title="bbox 1504 3307 2025 3388; baseline 0.002 -16"><span class='ocrx_word' id='word_1_337' title='bbox 1504 3309 1687 3373; x_wconf 85' lang='lat' dir='ltr'><strong>municeret</strong></span> <span class='ocrx_word' id='word_1_338' title='bbox 1707 3325 1801 3371; x_wconf 90' lang='lat' dir='ltr'><strong>suam</strong></span> <span class='ocrx_word' id='word_1_339' title='bbox 1821 3307 2025 3388; x_wconf 81' lang='lat' dir='ltr'><strong>bonitatem]</strong></span> 
     </span>
    </p>

    <p class='ocr_par' dir='ltr' id='par_1_8' title="bbox 1505 3391 2537 4685">
     <span class='ocr_line' id='line_1_40' title="bbox 1590 3391 2482 3477; baseline 0 -24"><span class='ocrx_word' id='word_1_340' title='bbox 1590 3391 1638 3453; x_wconf 86' lang='lat' dir='ltr'><strong>El</strong></span> <span class='ocrx_word' id='word_1_341' title='bbox 1659 3394 1693 3451; x_wconf 85' lang='lat' dir='ltr'><strong>t&#39;n</strong></span> <span class='ocrx_word' id='word_1_342' title='bbox 1714 3393 1872 3454; x_wconf 82' lang='lat' dir='ltr'><strong>creatione</strong></span> <span class='ocrx_word' id='word_1_343' title='bbox 1894 3402 2008 3456; x_wconf 82' lang='lat' dir='ltr'><strong>amala</strong></span> <span class='ocrx_word' id='word_1_344' title='bbox 2025 3397 2092 3475; x_wconf 79' lang='lat' dir='ltr'><strong>fuit</strong></span> <span class='ocrx_word' id='word_1_345' title='bbox 2112 3402 2281 3477; x_wconf 65' lang='lat' dir='ltr'><strong>sapentia,</strong></span> <span class='ocrx_word' id='word_1_346' title='bbox 2304 3400 2431 3457; x_wconf 69' lang='lat' dir='ltr'><strong>imaue</strong></span> <span class='ocrx_word' id='word_1_347' title='bbox 2451 3398 2482 3453; x_wconf 77' lang='lat' dir='ltr'><strong>ei</strong></span> 
     </span>
     <span class='ocr_line' id='line_1_41' title="bbox 1505 3477 2482 3565; baseline 0.003 -25"><span class='ocrx_word' id='word_1_348' title='bbox 1505 3478 1649 3541; x_wconf 82' lang='lat' dir='ltr'><strong>libertate</strong></span> <span class='ocrx_word' id='word_1_349' title='bbox 1669 3477 1850 3551; x_wconf 80' lang='lat' dir='ltr'><strong>voluntatis,</strong></span> <span class='ocrx_word' id='word_1_350' title='bbox 1872 3488 1906 3542; x_wconf 83' lang='lat' dir='ltr'><strong>ut</strong></span> <span class='ocrx_word' id='word_1_351' title='bbox 1928 3489 2009 3545; x_wconf 82' lang='lat' dir='ltr'><strong>esset</strong></span> <span class='ocrx_word' id='word_1_352' title='bbox 2030 3484 2135 3565; x_wconf 72' lang='lat' dir='ltr'><strong>imago</strong></span> <span class='ocrx_word' id='word_1_353' title='bbox 2156 3482 2236 3553; x_wconf 64' lang='lat' dir='ltr'><strong>Dea·</strong></span> <span class='ocrx_word' id='word_1_354' title='bbox 2265 3481 2316 3563; x_wconf 85' lang='lat' dir='ltr'><strong>[Si</strong></span> <span class='ocrx_word' id='word_1_355' title='bbox 2337 3481 2393 3547; x_wconf 81' lang='lat' dir='ltr'><strong>cul</strong></span> <span class='ocrx_word' id='word_1_356' title='bbox 2413 3497 2482 3544; x_wconf 83' lang='lat' dir='ltr'><strong>non</strong></span> 
     </span>
     <span class='ocr_line' id='line_1_42' title="bbox 1505 3564 2482 3655; baseline -0.002 -23"><span class='ocrx_word' id='word_1_357' title='bbox 1505 3565 1619 3652; x_wconf 87' lang='lat' dir='ltr'><strong>placet</strong></span> <span class='ocrx_word' id='word_1_358' title='bbox 1639 3564 1707 3631; x_wconf 86' lang='lat' dir='ltr'><strong>hoc</strong></span> <span class='ocrx_word' id='word_1_359' title='bbox 1727 3566 1817 3645; x_wconf 91' lang='lat' dir='ltr'><strong>addi,</strong></span> <span class='ocrx_word' id='word_1_360' title='bbox 1834 3588 1903 3632; x_wconf 90' lang='lat' dir='ltr'><strong>non</strong></span> <span class='ocrx_word' id='word_1_361' title='bbox 1926 3566 2004 3633; x_wconf 87' lang='lat' dir='ltr'><strong>volo</strong></span> <span class='ocrx_word' id='word_1_362' title='bbox 2026 3590 2191 3655; x_wconf 81' lang='lat' dir='ltr'><strong>pugnare:</strong></span> <span class='ocrx_word' id='word_1_363' title='bbox 2213 3568 2291 3655; x_wconf 86' lang='lat' dir='ltr'><strong>quia</strong></span> <span class='ocrx_word' id='word_1_364' title='bbox 2311 3564 2416 3653; x_wconf 89' lang='lat' dir='ltr'><strong>aliqui</strong></span> <span class='ocrx_word' id='word_1_365' title='bbox 2435 3564 2482 3630; x_wconf 89' lang='lat' dir='ltr'><strong>di·</strong></span> 
     </span>
     <span class='ocr_line' id='line_1_43' title="bbox 1507 3650 2483 3739; baseline -0.002 -20"><span class='ocrx_word' id='word_1_366' title='bbox 1507 3664 1597 3724; x_wconf 86' lang='lat' dir='ltr'><strong>cunt,</strong></span> <span class='ocrx_word' id='word_1_367' title='bbox 1618 3650 1784 3717; x_wconf 87' lang='lat' dir='ltr'><strong>hominem</strong></span> <span class='ocrx_word' id='word_1_368' title='bbox 1805 3663 1932 3719; x_wconf 91' lang='lat' dir='ltr'><strong>tantum</strong></span> <span class='ocrx_word' id='word_1_369' title='bbox 1954 3655 2124 3721; x_wconf 89' lang='lat' dir='ltr'><strong>conditum</strong></span> <span class='ocrx_word' id='word_1_370' title='bbox 2145 3673 2224 3720; x_wconf 89' lang='lat' dir='ltr'><strong>esse</strong></span> <span class='ocrx_word' id='word_1_371' title='bbox 2244 3656 2286 3719; x_wconf 88' lang='lat' dir='ltr'><strong>ad</strong></span> <span class='ocrx_word' id='word_1_372' title='bbox 2304 3651 2483 3739; x_wconf 82' lang='lat' dir='ltr'><strong>imaginem</strong></span> 
     </span>
     <span class='ocr_line' id='line_1_44' title="bbox 1506 3736 2483 3823; baseline 0 -21"><span class='ocrx_word' id='word_1_373' title='bbox 1506 3736 1592 3805; x_wconf 87' lang='lat' dir='ltr'><strong>Dei:</strong></span> <span class='ocrx_word' id='word_1_374' title='bbox 1613 3750 1795 3823; x_wconf 90' lang='lat' dir='ltr'><strong>propterea</strong></span> <span class='ocrx_word' id='word_1_375' title='bbox 1815 3741 1906 3823; x_wconf 91' lang='lat' dir='ltr'><strong>quod</strong></span> <span class='ocrx_word' id='word_1_376' title='bbox 1927 3740 1971 3805; x_wconf 90' lang='lat' dir='ltr'><strong>de</strong></span> <span class='ocrx_word' id='word_1_377' title='bbox 1994 3742 2126 3807; x_wconf 88' lang='lat' dir='ltr'><strong>bomine</strong></span> <span class='ocrx_word' id='word_1_378' title='bbox 2146 3752 2274 3807; x_wconf 89' lang='lat' dir='ltr'><strong>tantum</strong></span> <span class='ocrx_word' id='word_1_379' title='bbox 2295 3740 2426 3807; x_wconf 84' lang='lat' dir='ltr'><strong>‹ticstur</strong></span> <span class='ocrx_word' id='word_1_380' title='bbox 2446 3738 2483 3802; x_wconf 82' lang='lat' dir='ltr'><strong>in</strong></span> 
     </span>
     <span class='ocr_line' id='line_1_45' title="bbox 1508 3822 2483 3913; baseline -0.001 -25"><span class='ocrx_word' id='word_1_381' title='bbox 1508 3822 1643 3890; x_wconf 89' lang='lat' dir='ltr'><strong>Genesi.</strong></span> <span class='ocrx_word' id='word_1_382' title='bbox 1688 3822 1756 3888; x_wconf 88' lang='lat' dir='ltr'><strong>Sed</strong></span> <span class='ocrx_word' id='word_1_383' title='bbox 1782 3833 1893 3889; x_wconf 89' lang='lat' dir='ltr'><strong>textus</strong></span> <span class='ocrx_word' id='word_1_384' title='bbox 1926 3827 2005 3892; x_wconf 93' lang='lat' dir='ltr'><strong>dicit</strong></span> <span class='ocrx_word' id='word_1_385' title='bbox 2033 3830 2066 3893; x_wconf 94' lang='lat' dir='ltr'><strong>in</strong></span> <span class='ocrx_word' id='word_1_386' title='bbox 2099 3824 2299 3913; x_wconf 87' lang='lat' dir='ltr'><strong>Evangelio:</strong></span> <span class='ocrx_word' id='word_1_387' title='bbox 2330 3824 2483 3888; x_wconf 70' lang='lat' dir='ltr'><strong>Haedua</strong></span> 
     </span>
     <span class='ocr_line' id='line_1_46' title="bbox 1507 3909 2537 4001; baseline 0.005 -32"><span class='ocrx_word' id='word_1_388' title='bbox 1507 3917 1596 3972; x_wconf 70' lang='lat' dir='ltr'><strong>munt</strong></span> <span class='ocrx_word' id='word_1_389' title='bbox 1617 3909 1734 3971; x_wconf 74' lang='lat' dir='ltr'><strong>sinaites</strong></span> <span class='ocrx_word' id='word_1_390' title='bbox 1755 3909 1894 3991; x_wconf 68' lang='lat' dir='ltr'><strong>angelis.-</strong></span> <span class='ocrx_word' id='word_1_391' title='bbox 1916 3930 1998 4001; x_wconf 84' lang='lat' dir='ltr'><strong>ergo</strong></span> <span class='ocrx_word' id='word_1_392' title='bbox 2021 3924 2163 3999; x_wconf 90' lang='lat' dir='ltr'><strong>utraque</strong></span> <span class='ocrx_word' id='word_1_393' title='bbox 2184 3923 2304 3978; x_wconf 87' lang='lat' dir='ltr'><strong>natura</strong></span> <span class='ocrx_word' id='word_1_394' title='bbox 2325 3922 2379 3977; x_wconf 85' lang='lat' dir='ltr'><strong>est</strong></span> <span class='ocrx_word' id='word_1_395' title='bbox 2402 3929 2484 3975; x_wconf 87' lang='lat' dir='ltr'><strong>cou-</strong></span> <span class='ocrx_word' id='word_1_396' title='bbox 2534 3910 2537 3914; x_wconf 81' lang='grc'><strong>’</strong></span> 
     </span>
     <span class='ocr_line' id='line_1_47' title="bbox 1506 3991 2485 4086; baseline 0 -25"><span class='ocrx_word' id='word_1_397' title='bbox 1506 3996 1575 4061; x_wconf 90' lang='lat' dir='ltr'><strong>dita</strong></span> <span class='ocrx_word' id='word_1_398' title='bbox 1595 3996 1638 4061; x_wconf 88' lang='lat' dir='ltr'><strong>ad</strong></span> <span class='ocrx_word' id='word_1_399' title='bbox 1659 3995 1837 4082; x_wconf 85' lang='lat' dir='ltr'><strong>imaginem</strong></span> <span class='ocrx_word' id='word_1_400' title='bbox 1858 3995 1934 4062; x_wconf 87' lang='lat' dir='ltr'><strong>Dei.</strong></span> <span class='ocrx_word' id='word_1_401' title='bbox 1978 3999 2107 4065; x_wconf 91' lang='lat' dir='ltr'><strong>Videtis</strong></span> <span class='ocrx_word' id='word_1_402' title='bbox 2129 3996 2262 4086; x_wconf 88' lang='lat' dir='ltr'><strong>aliquos</strong></span> <span class='ocrx_word' id='word_1_403' title='bbox 2282 3991 2485 4063; x_wconf 73' lang='lat' dir='ltr'><strong>nonfacere</strong></span> 
     </span>
     <span class='ocr_line' id='line_1_48' title="bbox 1505 4081 2485 4170; baseline 0.005 -21"><span class='ocrx_word' id='word_1_404' title='bbox 1505 4082 1606 4149; x_wconf 87' lang='lat' dir='ltr'><strong>finem</strong></span> <span class='ocrx_word' id='word_1_405' title='bbox 1626 4084 1784 4161; x_wconf 86' lang='lat' dir='ltr'><strong>rixarum,</strong></span> <span class='ocrx_word' id='word_1_406' title='bbox 1807 4083 1908 4147; x_wconf 91' lang='lat' dir='ltr'><strong>etiam</strong></span> <span class='ocrx_word' id='word_1_407' title='bbox 1928 4084 1961 4148; x_wconf 92' lang='lat' dir='ltr'><strong>in</strong></span> <span class='ocrx_word' id='word_1_408' title='bbox 1983 4086 2039 4165; x_wconf 92' lang='lat' dir='ltr'><strong>iis,</strong></span> <span class='ocrx_word' id='word_1_409' title='bbox 2060 4086 2103 4151; x_wconf 90' lang='lat' dir='ltr'><strong>de</strong></span> <span class='ocrx_word' id='word_1_410' title='bbox 2125 4087 2246 4170; x_wconf 90' lang='lat' dir='ltr'><strong>quibus</strong></span> <span class='ocrx_word' id='word_1_411' title='bbox 2257 4081 2357 4149; x_wconf 88' lang='lat' dir='ltr'><strong>bomo</strong></span> <span class='ocrx_word' id='word_1_412' title='bbox 2369 4099 2485 4170; x_wconf 85' lang='lat' dir='ltr'><strong>potest</strong></span> 
     </span>
     <span class='ocr_line' id='line_1_49' title="bbox 1506 4167 2485 4255; baseline 0.006 -21"><span class='ocrx_word' id='word_1_413' title='bbox 1506 4170 1713 4254; x_wconf 87' lang='lat' dir='ltr'><strong>suspendere</strong></span> <span class='ocrx_word' id='word_1_414' title='bbox 1733 4168 1901 4234; x_wconf 87' lang='lat' dir='ltr'><strong>indicium.</strong></span> <span class='ocrx_word' id='word_1_415' title='bbox 1943 4169 2084 4237; x_wconf 84' lang='lat' dir='ltr'><strong>Tantum</strong></span> <span class='ocrx_word' id='word_1_416' title='bbox 2111 4173 2153 4237; x_wconf 91' lang='lat' dir='ltr'><strong>de</strong></span> <span class='ocrx_word' id='word_1_417' title='bbox 2174 4172 2216 4236; x_wconf 89' lang='lat' dir='ltr'><strong>iis</strong></span> <span class='ocrx_word' id='word_1_418' title='bbox 2237 4180 2369 4255; x_wconf 88' lang='lat' dir='ltr'><strong>oportet</strong></span> <span class='ocrx_word' id='word_1_419' title='bbox 2389 4167 2485 4240; x_wconf 80' lang='lat' dir='ltr'><strong>dimi.</strong></span> 
     </span>
     <span class='ocr_line' id='line_1_50' title="bbox 1505 4251 2484 4342; baseline -0.002 -20"><span class='ocrx_word' id='word_1_420' title='bbox 1505 4275 1597 4334; x_wconf 87' lang='lat' dir='ltr'><strong>care,</strong></span> <span class='ocrx_word' id='word_1_421' title='bbox 1628 4276 1714 4340; x_wconf 89' lang='lat' dir='ltr'><strong>quae</strong></span> <span class='ocrx_word' id='word_1_422' title='bbox 1736 4255 1779 4318; x_wconf 90' lang='lat' dir='ltr'><strong>ad</strong></span> <span class='ocrx_word' id='word_1_423' title='bbox 1812 4251 2060 4323; x_wconf 87' lang='lat' dir='ltr'><strong>fundamentum</strong></span> <span class='ocrx_word' id='word_1_424' title='bbox 2088 4256 2209 4323; x_wconf 88' lang='lat' dir='ltr'><strong>salutis</strong></span> <span class='ocrx_word' id='word_1_425' title='bbox 2230 4256 2423 4342; x_wconf 79' lang='lat' dir='ltr'><strong>pertinent]</strong></span> <span class='ocrx_word' id='word_1_426' title='bbox 2449 4273 2484 4337; x_wconf 65' lang='lat' dir='ltr'><strong>eg</strong></span> 
     </span>
     <span class='ocr_line' id='line_1_51' title="bbox 1505 4340 2484 4430; baseline 0 -25"><span class='ocrx_word' id='word_1_427' title='bbox 1505 4341 1622 4405; x_wconf 82' lang='lat' dir='ltr'><strong>deinde</strong></span> <span class='ocrx_word' id='word_1_428' title='bbox 1643 4343 1822 4422; x_wconf 58' lang='lat' dir='ltr'><strong>commeate</strong></span> <span class='ocrx_word' id='word_1_429' title='bbox 1839 4345 1870 4400; x_wconf 86' lang='lat' dir='ltr'><strong>in</strong></span> <span class='ocrx_word' id='word_1_430' title='bbox 1893 4343 1984 4418; x_wconf 83' lang='lat' dir='ltr'><strong>bono,</strong></span> <span class='ocrx_word' id='word_1_431' title='bbox 2007 4342 2105 4423; x_wconf 91' lang='lat' dir='ltr'><strong>[Quia</strong></span> <span class='ocrx_word' id='word_1_432' title='bbox 2126 4340 2388 4430; x_wconf 87' lang='lat' dir='ltr'><strong>angeiiprimum</strong></span> <span class='ocrx_word' id='word_1_433' title='bbox 2400 4360 2484 4413; x_wconf 85' lang='lat' dir='ltr'><strong>cort.</strong></span> 
     </span>
     <span class='ocr_line' id='line_1_52' title="bbox 1506 4427 2466 4512; baseline -0.006 -18"><span class='ocrx_word' id='word_1_434' title='bbox 1506 4429 1564 4494; x_wconf 85' lang='lat' dir='ltr'><strong>diti</strong></span> <span class='ocrx_word' id='word_1_435' title='bbox 1587 4439 1665 4492; x_wconf 85' lang='lat' dir='ltr'><strong>sunt</strong></span> <span class='ocrx_word' id='word_1_436' title='bbox 1687 4448 1804 4492; x_wconf 85' lang='lat' dir='ltr'><strong>omnes</strong></span> <span class='ocrx_word' id='word_1_437' title='bbox 1832 4427 1936 4509; x_wconf 71' lang='lat' dir='ltr'><strong>boni]</strong></span> <span class='ocrx_word' id='word_1_438' title='bbox 1965 4436 2001 4491; x_wconf 84' lang='lat' dir='ltr'><strong>ut</strong></span> <span class='ocrx_word' id='word_1_439' title='bbox 2026 4449 2179 4512; x_wconf 77' lang='lat' dir='ltr'><strong>autequam</strong></span> <span class='ocrx_word' id='word_1_440' title='bbox 2201 4451 2222 4490; x_wconf 86' lang='grc' dir='ltr'><em>α</em></span> <span class='ocrx_word' id='word_1_441' title='bbox 2242 4427 2314 4490; x_wconf 83' lang='lat' dir='ltr'><strong>Deo</strong></span> <span class='ocrx_word' id='word_1_442' title='bbox 2336 4428 2466 4508; x_wconf 61' lang='lat' dir='ltr'><strong>defieret</strong></span> 
     </span>
     <span class='ocr_line' id='line_1_53' title="bbox 1506 4515 2482 4597; baseline -0.003 -20"><span class='ocrx_word' id='word_1_443' title='bbox 1506 4516 1655 4577; x_wconf 83' lang='lat' dir='ltr'><strong>ordinatu</strong></span> <span class='ocrx_word' id='word_1_444' title='bbox 1676 4534 1760 4594; x_wconf 86' lang='lat' dir='ltr'><strong>oero,</strong></span> <span class='ocrx_word' id='word_1_445' title='bbox 1782 4521 1828 4593; x_wconf 84' lang='lat' dir='ltr'><strong>ut,</strong></span> <span class='ocrx_word' id='word_1_446' title='bbox 1849 4535 2030 4597; x_wconf 79' lang='lat' dir='ltr'><strong>qttumpuam</strong></span> <span class='ocrx_word' id='word_1_447' title='bbox 2051 4522 2098 4576; x_wconf 84' lang='lat' dir='ltr'><strong>est</strong></span> <span class='ocrx_word' id='word_1_448' title='bbox 2121 4523 2233 4577; x_wconf 84' lang='lat' dir='ltr'><strong>nutura</strong></span> <span class='ocrx_word' id='word_1_449' title='bbox 2251 4515 2482 4597; x_wconf 57' lang='lat' dir='ltr'><strong>nummatior,</strong></span> 
     </span>
     <span class='ocr_line' id='line_1_54' title="bbox 1507 4597 2483 4685; baseline -0.004 -22"><span class='ocrx_word' id='word_1_450' title='bbox 1507 4608 1607 4663; x_wconf 83' lang='lat' dir='ltr'><strong>tumen</strong></span> <span class='ocrx_word' id='word_1_451' title='bbox 1628 4597 1792 4661; x_wconf 76' lang='lat' dir='ltr'><strong>Ecclesiae</strong></span> <span class='ocrx_word' id='word_1_452' title='bbox 1813 4604 1954 4681; x_wconf 70' lang='lat' dir='ltr'><strong>seruiat]</strong></span> <span class='ocrx_word' id='word_1_453' title='bbox 1988 4598 2058 4665; x_wconf 84' lang='lat' dir='ltr'><strong>Wie</strong></span> <span class='ocrx_word' id='word_1_454' title='bbox 2079 4605 2129 4662; x_wconf 86' lang='lat' dir='ltr'><strong>cin</strong></span> <span class='ocrx_word' id='word_1_455' title='bbox 2149 4624 2242 4685; x_wconf 71' lang='lat' dir='ltr'><strong>qross</strong></span> <span class='ocrx_word' id='word_1_456' title='bbox 2258 4602 2392 4684; x_wconf 72' lang='lat' dir='ltr'><strong>dt&#39;nqist</strong></span> <span class='ocrx_word' id='word_1_457' title='bbox 2402 4598 2483 4662; x_wconf 77' lang='lat' dir='ltr'><strong>ulus!</strong></span> 
     </span>
    </p>
   </div>
   <div class='ocr_carea' id='block_1_8' title="bbox 543 4686 2484 4841">
    <p class='ocr_par' dir='ltr' id='par_1_9' title="bbox 543 4686 2484 4841">
     <span class='ocr_line' id='line_1_55' title="bbox 543 4686 2483 4773; baseline -0.003 -15"><span class='ocrx_word' id='word_1_458' title='bbox 543 4698 605 4766; x_wconf 85' lang='lat' dir='ltr'><strong>EX</strong></span> <span class='ocrx_word' id='word_1_459' title='bbox 625 4697 833 4767; x_wconf 77' lang='lat' dir='ltr'>ALIORUM</span> <span class='ocrx_word' id='word_1_460' title='bbox 854 4700 1080 4768; x_wconf 75' lang='lat' dir='ltr'><strong>ANNORUM</strong></span> <span class='ocrx_word' id='word_1_461' title='bbox 1101 4701 1382 4772; x_wconf 68' lang='lat' dir='ltr'><strong>RflApsfflfls,</strong></span> <span class='ocrx_word' id='word_1_462' title='bbox 1508 4686 1650 4753; x_wconf 83' lang='lat' dir='ltr'><strong>Oramus</strong></span> <span class='ocrx_word' id='word_1_463' title='bbox 1673 4686 1794 4764; x_wconf 87' lang='lat' dir='ltr'><strong>Deum,</strong></span> <span class='ocrx_word' id='word_1_464' title='bbox 1816 4698 1852 4751; x_wconf 92' lang='lat' dir='ltr'><strong>ut</strong></span> <span class='ocrx_word' id='word_1_465' title='bbox 1873 4698 1968 4773; x_wconf 88' lang='lat' dir='ltr'><strong>regat</strong></span> <span class='ocrx_word' id='word_1_466' title='bbox 1990 4709 2066 4767; x_wconf 81' lang='lat' dir='ltr'><strong>nos,</strong></span> <span class='ocrx_word' id='word_1_467' title='bbox 2083 4699 2119 4754; x_wconf 89' lang='lat' dir='ltr'><strong>ut</strong></span> <span class='ocrx_word' id='word_1_468' title='bbox 2135 4690 2359 4755; x_wconf 85' lang='lat' dir='ltr'><strong>assentiamur</strong></span> <span class='ocrx_word' id='word_1_469' title='bbox 2376 4688 2483 4753; x_wconf 83' lang='lat' dir='ltr'><strong>verbo</strong></span> 
     </span>
     <span class='ocr_line' id='line_1_56' title="bbox 1506 4770 2484 4841; baseline 0.002 -5"><span class='ocrx_word' id='word_1_470' title='bbox 1506 4771 1582 4837; x_wconf 91' lang='lat' dir='ltr'><strong>Dei.</strong></span> <span class='ocrx_word' id='word_1_471' title='bbox 1625 4770 1702 4836; x_wconf 88' lang='lat' dir='ltr'><strong>Non</strong></span> <span class='ocrx_word' id='word_1_472' title='bbox 1725 4786 1778 4837; x_wconf 87' lang='lat' dir='ltr'><strong>cst</strong></span> <span class='ocrx_word' id='word_1_473' title='bbox 1798 4772 1866 4838; x_wconf 88' lang='lat' dir='ltr'><strong>hoc</strong></span> <span class='ocrx_word' id='word_1_474' title='bbox 1890 4785 2014 4839; x_wconf 88' lang='lat' dir='ltr'><strong>tantum</strong></span> <span class='ocrx_word' id='word_1_475' title='bbox 2033 4774 2251 4841; x_wconf 86' lang='lat' dir='ltr'><strong>humanarum</strong></span> <span class='ocrx_word' id='word_1_476' title='bbox 2264 4776 2398 4840; x_wconf 81' lang='lat' dir='ltr'><strong>viriumr</strong></span> <span class='ocrx_word' id='word_1_477' title='bbox 2421 4770 2484 4838; x_wconf 86' lang='lat' dir='ltr'><strong>sed</strong></span> 
     </span>
    </p>
   </div>
   <div class='ocr_carea' id='block_1_9' title="bbox 450 4851 2548 5724">
    <p class='ocr_par' dir='ltr' id='par_1_10' title="bbox 450 4851 2548 5724">
     <span class='ocr_line' id='line_1_57' title="bbox 560 4851 2483 4943; baseline 0.001 -21"><span class='ocrx_word' id='word_1_478' title='bbox 560 4853 760 4922; x_wconf 88' lang='lat' dir='ltr'><strong>Celebratur</strong></span> <span class='ocrx_word' id='word_1_479' title='bbox 780 4854 847 4921; x_wconf 91' lang='lat' dir='ltr'><strong>hoc</strong></span> <span class='ocrx_word' id='word_1_480' title='bbox 868 4851 1003 4936; x_wconf 87' lang='lat' dir='ltr'><strong>festum,</strong></span> <span class='ocrx_word' id='word_1_481' title='bbox 1025 4868 1060 4923; x_wconf 90' lang='lat' dir='ltr'><strong>ut</strong></span> <span class='ocrx_word' id='word_1_482' title='bbox 1083 4858 1336 4924; x_wconf 80' lang='lat' dir='ltr'><strong>commonebant</strong></span> <span class='ocrx_word' id='word_1_483' title='bbox 1349 4857 1455 4924; x_wconf 90' lang='lat' dir='ltr'><strong>homi·</strong></span> <span class='ocrx_word' id='word_1_484' title='bbox 1507 4859 1643 4924; x_wconf 87' lang='lat' dir='ltr'><strong>assidue</strong></span> <span class='ocrx_word' id='word_1_485' title='bbox 1671 4858 1849 4943; x_wconf 87' lang='lat' dir='ltr'><strong>petendum</strong></span> <span class='ocrx_word' id='word_1_486' title='bbox 1871 4871 1925 4924; x_wconf 87' lang='lat' dir='ltr'><strong>cst</strong></span> <span class='ocrx_word' id='word_1_487' title='bbox 1947 4859 2102 4926; x_wconf 80' lang='lat' dir='ltr'><strong>auxilium</strong></span> <span class='ocrx_word' id='word_1_488' title='bbox 2129 4857 2208 4941; x_wconf 87' lang='lat' dir='ltr'><strong>Dei,</strong></span> <span class='ocrx_word' id='word_1_489' title='bbox 2236 4872 2274 4926; x_wconf 92' lang='lat' dir='ltr'><strong>ut</strong></span> <span class='ocrx_word' id='word_1_490' title='bbox 2306 4857 2483 4927; x_wconf 83' lang='lat' dir='ltr'><strong>confirme-</strong></span> 
     </span>
     <span class='ocr_line' id='line_1_58' title="bbox 472 4941 2484 5030; baseline -0 -22"><span class='ocrx_word' id='word_1_491' title='bbox 472 4961 535 5010; x_wconf 86' lang='lat' dir='ltr'><strong>nes</strong></span> <span class='ocrx_word' id='word_1_492' title='bbox 558 4942 601 5008; x_wconf 90' lang='lat' dir='ltr'><strong>de</strong></span> <span class='ocrx_word' id='word_1_493' title='bbox 624 4942 788 5010; x_wconf 87' lang='lat' dir='ltr'><strong>beneficio</strong></span> <span class='ocrx_word' id='word_1_494' title='bbox 811 4941 893 5022; x_wconf 89' lang='lat' dir='ltr'><strong>Dei,</strong></span> <span class='ocrx_word' id='word_1_495' title='bbox 919 4942 1010 5029; x_wconf 89' lang='lat' dir='ltr'><strong>quod</strong></span> <span class='ocrx_word' id='word_1_496' title='bbox 1032 4955 1180 5029; x_wconf 89' lang='lat' dir='ltr'><strong>praestat</strong></span> <span class='ocrx_word' id='word_1_497' title='bbox 1196 4946 1295 5011; x_wconf 88' lang='lat' dir='ltr'><strong>nobis</strong></span> <span class='ocrx_word' id='word_1_498' title='bbox 1318 4963 1378 5028; x_wconf 85' lang='lat' dir='ltr'><strong>per</strong></span> <span class='ocrx_word' id='word_1_499' title='bbox 1394 4964 1453 5010; x_wconf 90' lang='lat' dir='ltr'><strong>au·</strong></span> <span class='ocrx_word' id='word_1_500' title='bbox 1505 4964 1591 5024; x_wconf 91' lang='lat' dir='ltr'><strong>mur,</strong></span> <span class='ocrx_word' id='word_1_501' title='bbox 1613 4955 1650 5010; x_wconf 89' lang='lat' dir='ltr'><strong>ut</strong></span> <span class='ocrx_word' id='word_1_502' title='bbox 1671 4941 1791 5011; x_wconf 89' lang='lat' dir='ltr'><strong>clamat</strong></span> <span class='ocrx_word' id='word_1_503' title='bbox 1813 4943 1998 5030; x_wconf 79' lang='lat' dir='ltr'><strong>Propheta:</strong></span> <span class='ocrx_word' id='word_1_504' title='bbox 2018 4946 2173 5029; x_wconf 81' lang='lat' dir='ltr'><strong>Spiritum</strong></span> <span class='ocrx_word' id='word_1_505' title='bbox 2184 4948 2304 5028; x_wconf 76' lang='lat' dir='ltr'><strong>firmem</strong></span> <span class='ocrx_word' id='word_1_506' title='bbox 2318 4948 2436 5009; x_wconf 79' lang='lat' dir='ltr'><strong>innooo</strong></span> <span class='ocrx_word' id='word_1_507' title='bbox 2448 4945 2484 5004; x_wconf 78' lang='lat' dir='ltr'><strong>in</strong></span> 
     </span>
     <span class='ocr_line' id='line_1_59' title="bbox 450 5027 2548 5115; baseline -0 -21"><span class='ocrx_word' id='word_1_508' title='bbox 450 5027 572 5115; x_wconf 84' lang='lat' dir='ltr'><strong>gelos</strong></span> <span class='ocrx_word' id='word_1_509' title='bbox 583 5031 879 5095; x_wconf 75' lang='lat' dir='ltr'><strong>castosetiustosr</strong></span> <span class='ocrx_word' id='word_1_510' title='bbox 897 5041 929 5095; x_wconf 91' lang='lat' dir='ltr'><strong>et</strong></span> <span class='ocrx_word' id='word_1_511' title='bbox 940 5040 975 5095; x_wconf 91' lang='lat' dir='ltr'><strong>ut</strong></span> <span class='ocrx_word' id='word_1_512' title='bbox 992 5028 1091 5097; x_wconf 87' lang='lat' dir='ltr'><strong>simul</strong></span> <span class='ocrx_word' id='word_1_513' title='bbox 1109 5030 1295 5098; x_wconf 83' lang='lat' dir='ltr'><strong>doceantur</strong></span> <span class='ocrx_word' id='word_1_514' title='bbox 1306 5031 1349 5097; x_wconf 89' lang='lat' dir='ltr'><strong>de</strong></span> <span class='ocrx_word' id='word_1_515' title='bbox 1361 5051 1454 5098; x_wconf 88' lang='lat' dir='ltr'><strong>crea·</strong></span> <span class='ocrx_word' id='word_1_516' title='bbox 1504 5050 1568 5091; x_wconf 79' lang='lat' dir='ltr'><strong>me:</strong></span> <span class='ocrx_word' id='word_1_517' title='bbox 1588 5031 1622 5096; x_wconf 94' lang='lat' dir='ltr'><strong>id</strong></span> <span class='ocrx_word' id='word_1_518' title='bbox 1644 5042 1707 5110; x_wconf 88' lang='lat' dir='ltr'><strong>est,</strong></span> <span class='ocrx_word' id='word_1_519' title='bbox 1729 5051 1795 5096; x_wconf 84' lang='lat' dir='ltr'><strong>non</strong></span> <span class='ocrx_word' id='word_1_520' title='bbox 1820 5031 2043 5112; x_wconf 86' lang='lat' dir='ltr'><strong>dubitantem,</strong></span> <span class='ocrx_word' id='word_1_521' title='bbox 2073 5034 2146 5095; x_wconf 85' lang='lat' dir='ltr'><strong>dess</strong></span> <span class='ocrx_word' id='word_1_522' title='bbox 2173 5032 2294 5114; x_wconf 73' lang='lat' dir='ltr'><strong>duffeu</strong></span> <span class='ocrx_word' id='word_1_523' title='bbox 2319 5032 2380 5095; x_wconf 72' lang='lat' dir='ltr'><strong>soie</strong></span> <span class='ocrx_word' id='word_1_524' title='bbox 2401 5028 2484 5093; x_wconf 75' lang='lat' dir='ltr'><strong>osmi</strong></span> <span class='ocrx_word' id='word_1_525' title='bbox 2543 5062 2548 5071; x_wconf 92' lang='lat'>·</span> 
     </span>
     <span class='ocr_line' id='line_1_60' title="bbox 472 5114 2484 5203; baseline 0 -24"><span class='ocrx_word' id='word_1_526' title='bbox 472 5116 562 5180; x_wconf 79' lang='lat' dir='ltr'><strong>tiorm</strong></span> <span class='ocrx_word' id='word_1_527' title='bbox 585 5127 620 5180; x_wconf 92' lang='lat' dir='ltr'><strong>et</strong></span> <span class='ocrx_word' id='word_1_528' title='bbox 642 5117 685 5180; x_wconf 88' lang='lat' dir='ltr'><strong>de</strong></span> <span class='ocrx_word' id='word_1_529' title='bbox 706 5117 888 5184; x_wconf 89' lang='lat' dir='ltr'><strong>ministerio</strong></span> <span class='ocrx_word' id='word_1_530' title='bbox 909 5114 1121 5203; x_wconf 80' lang='lat' dir='ltr'><strong>angelorum:</strong></span> <span class='ocrx_word' id='word_1_531' title='bbox 1143 5115 1452 5184; x_wconf 87' lang='lat' dir='ltr'><strong>Econtrarioetiam</strong></span> <span class='ocrx_word' id='word_1_532' title='bbox 1504 5116 1609 5197; x_wconf 64' lang='lat' dir='ltr'><strong>moll]</strong></span> <span class='ocrx_word' id='word_1_533' title='bbox 1650 5115 1693 5179; x_wconf 87' lang='lat' dir='ltr'><strong>Ut</strong></span> <span class='ocrx_word' id='word_1_534' title='bbox 1714 5117 1856 5180; x_wconf 81' lang='lat' dir='ltr'><strong>oodsntas</strong></span> <span class='ocrx_word' id='word_1_535' title='bbox 1878 5118 1943 5180; x_wconf 85' lang='lat' dir='ltr'><strong>Dei</strong></span> <span class='ocrx_word' id='word_1_536' title='bbox 1965 5122 2190 5200; x_wconf 79' lang='lat' dir='ltr'><strong>conspiciatur,</strong></span> <span class='ocrx_word' id='word_1_537' title='bbox 2207 5121 2262 5203; x_wconf 79' lang='lat' dir='ltr'><strong>qui</strong></span> <span class='ocrx_word' id='word_1_538' title='bbox 2282 5118 2348 5183; x_wconf 78' lang='lat' dir='ltr'><strong>wit</strong></span> <span class='ocrx_word' id='word_1_539' title='bbox 2365 5119 2484 5198; x_wconf 80' lang='lat' dir='ltr'><strong>fortio·</strong></span> 
     </span>
     <span class='ocr_line' id='line_1_61' title="bbox 473 5199 2486 5290; baseline -0.002 -23"><span class='ocrx_word' id='word_1_540' title='bbox 473 5200 516 5267; x_wconf 88' lang='lat' dir='ltr'><strong>de</strong></span> <span class='ocrx_word' id='word_1_541' title='bbox 526 5199 696 5267; x_wconf 87' lang='lat' dir='ltr'><strong>furoribus</strong></span> <span class='ocrx_word' id='word_1_542' title='bbox 707 5199 842 5267; x_wconf 89' lang='lat' dir='ltr'><strong>Diaboli</strong></span> <span class='ocrx_word' id='word_1_543' title='bbox 866 5213 900 5268; x_wconf 92' lang='lat' dir='ltr'><strong>et</strong></span> <span class='ocrx_word' id='word_1_544' title='bbox 920 5203 962 5268; x_wconf 89' lang='lat' dir='ltr'><strong>dc</strong></span> <span class='ocrx_word' id='word_1_545' title='bbox 984 5201 1083 5290; x_wconf 91' lang='lat' dir='ltr'><strong>lapsu</strong></span> <span class='ocrx_word' id='word_1_546' title='bbox 1094 5201 1323 5271; x_wconf 86' lang='lat' dir='ltr'><strong>Diaboloram.</strong></span> <span class='ocrx_word' id='word_1_547' title='bbox 1352 5203 1452 5268; x_wconf 90' lang='lat' dir='ltr'><strong>Prae·</strong></span> <span class='ocrx_word' id='word_1_548' title='bbox 1503 5223 1555 5265; x_wconf 82' lang='lat' dir='ltr'><strong>res</strong></span> <span class='ocrx_word' id='word_1_549' title='bbox 1575 5205 1690 5264; x_wconf 84' lang='lat' dir='ltr'><strong>seruire</strong></span> <span class='ocrx_word' id='word_1_550' title='bbox 1711 5203 1920 5282; x_wconf 80' lang='lat' dir='ltr'><strong>inferioribus.</strong></span> <span class='ocrx_word' id='word_1_551' title='bbox 1955 5204 2115 5284; x_wconf 81' lang='lat' dir='ltr'><strong>[Daruber</strong></span> <span class='ocrx_word' id='word_1_552' title='bbox 2135 5208 2178 5267; x_wconf 89' lang='lat' dir='ltr'><strong>ist</strong></span> <span class='ocrx_word' id='word_1_553' title='bbox 2199 5204 2281 5269; x_wconf 74' lang='lat' dir='ltr'><strong>asecle</strong></span> <span class='ocrx_word' id='word_1_554' title='bbox 2300 5206 2360 5270; x_wconf 84' lang='lat' dir='ltr'><strong>der</strong></span> <span class='ocrx_word' id='word_1_555' title='bbox 2381 5202 2486 5285; x_wconf 74' lang='lat' dir='ltr'><strong>tcuffel</strong></span> 
     </span>
     <span class='ocr_line' id='line_1_62' title="bbox 472 5286 2483 5379; baseline -0 -26"><span class='ocrx_word' id='word_1_556' title='bbox 472 5298 565 5353; x_wconf 86' lang='lat' dir='ltr'><strong>terea</strong></span> <span class='ocrx_word' id='word_1_557' title='bbox 589 5299 624 5352; x_wconf 92' lang='grc' dir='ltr'><strong>ιιι</strong></span> <span class='ocrx_word' id='word_1_558' title='bbox 647 5291 891 5356; x_wconf 74' lang='lat' dir='ltr'><strong>exsuscitantur</strong></span> <span class='ocrx_word' id='word_1_559' title='bbox 910 5289 1023 5371; x_wconf 91' lang='lat' dir='ltr'><strong>animi,</strong></span> <span class='ocrx_word' id='word_1_560' title='bbox 1045 5301 1081 5356; x_wconf 90' lang='lat' dir='ltr'><strong>ut</strong></span> <span class='ocrx_word' id='word_1_561' title='bbox 1104 5301 1207 5379; x_wconf 87' lang='lat' dir='ltr'><strong>agant</strong></span> <span class='ocrx_word' id='word_1_562' title='bbox 1229 5290 1354 5378; x_wconf 87' lang='lat' dir='ltr'><strong>gratias</strong></span> <span class='ocrx_word' id='word_1_563' title='bbox 1375 5286 1451 5355; x_wconf 89' lang='lat' dir='ltr'><strong>Deo</strong></span> <span class='ocrx_word' id='word_1_564' title='bbox 1501 5290 1652 5372; x_wconf 73' lang='lat' dir='ltr'><strong>pesnileu]</strong></span> <span class='ocrx_word' id='word_1_565' title='bbox 1682 5299 1713 5351; x_wconf 83' lang='lat' dir='ltr'><strong>et</strong></span> <span class='ocrx_word' id='word_1_566' title='bbox 1745 5291 1901 5372; x_wconf 81' lang='lat' dir='ltr'><strong>approbat</strong></span> <span class='ocrx_word' id='word_1_567' title='bbox 1928 5292 2064 5354; x_wconf 83' lang='lat' dir='ltr'><strong>studium</strong></span> <span class='ocrx_word' id='word_1_568' title='bbox 2091 5292 2287 5357; x_wconf 81' lang='lat' dir='ltr'><strong>ltwuilitotis.</strong></span> <span class='ocrx_word' id='word_1_569' title='bbox 2333 5292 2406 5356; x_wconf 86' lang='lat' dir='ltr'><strong>Dus</strong></span> <span class='ocrx_word' id='word_1_570' title='bbox 2427 5310 2483 5374; x_wconf 69' lang='lat' dir='ltr'><strong>sep</strong></span> 
     </span>
     <span class='ocr_line' id='line_1_63' title="bbox 472 5372 1794 5463; baseline 0.002 -27"><span class='ocrx_word' id='word_1_571' title='bbox 472 5393 535 5459; x_wconf 93' lang='lat' dir='ltr'><strong>pro</strong></span> <span class='ocrx_word' id='word_1_572' title='bbox 568 5372 634 5438; x_wconf 92' lang='lat' dir='ltr'><strong>isto</strong></span> <span class='ocrx_word' id='word_1_573' title='bbox 667 5374 792 5460; x_wconf 89' lang='lat' dir='ltr'><strong>ingenti</strong></span> <span class='ocrx_word' id='word_1_574' title='bbox 826 5374 1005 5454; x_wconf 87' lang='lat' dir='ltr'><strong>beneficio,</strong></span> <span class='ocrx_word' id='word_1_575' title='bbox 1039 5379 1130 5463; x_wconf 90' lang='lat' dir='ltr'><strong>quod</strong></span> <span class='ocrx_word' id='word_1_576' title='bbox 1163 5373 1336 5461; x_wconf 87' lang='lat' dir='ltr'><strong>perillam</strong></span> <span class='ocrx_word' id='word_1_577' title='bbox 1357 5396 1452 5462; x_wconf 87' lang='lat' dir='ltr'><strong>praa-</strong></span> <span class='ocrx_word' id='word_1_578' title='bbox 1503 5376 1650 5442; x_wconf 84' lang='lat' dir='ltr'><strong>definitio</strong></span> <span class='ocrx_word' id='word_1_579' title='bbox 1672 5377 1794 5462; x_wconf 90' lang='lat' dir='ltr'><strong>angeli.</strong></span> 
     </span>
     <span class='ocr_line' id='line_1_64' title="bbox 472 5459 2482 5548; baseline 0.001 -24"><span class='ocrx_word' id='word_1_580' title='bbox 472 5459 668 5525; x_wconf 89' lang='lat' dir='ltr'><strong>stantiorem</strong></span> <span class='ocrx_word' id='word_1_581' title='bbox 701 5471 852 5526; x_wconf 84' lang='lat' dir='ltr'><strong>naturam</strong></span> <span class='ocrx_word' id='word_1_582' title='bbox 885 5463 1051 5529; x_wconf 89' lang='lat' dir='ltr'><strong>custodiat</strong></span> <span class='ocrx_word' id='word_1_583' title='bbox 1082 5482 1147 5528; x_wconf 89' lang='lat' dir='ltr'><strong>nos</strong></span> <span class='ocrx_word' id='word_1_584' title='bbox 1179 5465 1333 5529; x_wconf 89' lang='lat' dir='ltr'><strong>miseros.</strong></span> <span class='ocrx_word' id='word_1_585' title='bbox 1384 5461 1452 5528; x_wconf 84' lang='lat' dir='ltr'><strong>lsta</strong></span> <span class='ocrx_word' id='word_1_586' title='bbox 1589 5462 1663 5524; x_wconf 86' lang='lat' dir='ltr'><strong>Nun</strong></span> <span class='ocrx_word' id='word_1_587' title='bbox 1683 5463 1792 5530; x_wconf 81' lang='lat' dir='ltr'><strong>wellen</strong></span> <span class='ocrx_word' id='word_1_588' title='bbox 1813 5465 1871 5524; x_wconf 83' lang='lat' dir='ltr'><strong>wir</strong></span> <span class='ocrx_word' id='word_1_589' title='bbox 1894 5463 1947 5524; x_wconf 84' lang='lat' dir='ltr'><strong>die</strong></span> <span class='ocrx_word' id='word_1_590' title='bbox 1969 5476 2084 5548; x_wconf 86' lang='lat' dir='ltr'><strong>partes</strong></span> <span class='ocrx_word' id='word_1_591' title='bbox 2104 5464 2242 5545; x_wconf 72' lang='lat' dir='ltr'><strong>nahmen,</strong></span> <span class='ocrx_word' id='word_1_592' title='bbox 2266 5487 2309 5531; x_wconf 88' lang='lat' dir='ltr'><strong>an</strong></span> <span class='ocrx_word' id='word_1_593' title='bbox 2323 5463 2482 5530; x_wconf 85' lang='lat' dir='ltr'><strong>sintlicti·</strong></span> 
     </span>
     <span class='ocr_line' id='line_1_65' title="bbox 473 5543 2482 5634; baseline 0.001 -25"><span class='ocrx_word' id='word_1_594' title='bbox 473 5555 552 5612; x_wconf 90' lang='lat' dir='ltr'><strong>sunt</strong></span> <span class='ocrx_word' id='word_1_595' title='bbox 573 5543 673 5612; x_wconf 87' lang='lat' dir='ltr'><strong>bodie</strong></span> <span class='ocrx_word' id='word_1_596' title='bbox 695 5549 884 5632; x_wconf 89' lang='lat' dir='ltr'><strong>cogitanda,</strong></span> <span class='ocrx_word' id='word_1_597' title='bbox 912 5561 945 5612; x_wconf 89' lang='lat' dir='ltr'><strong>ct</strong></span> <span class='ocrx_word' id='word_1_598' title='bbox 974 5561 1103 5614; x_wconf 88' lang='lat' dir='ltr'><strong>mentes</strong></span> <span class='ocrx_word' id='word_1_599' title='bbox 1126 5549 1387 5616; x_wconf 80' lang='lat' dir='ltr'><strong>exsuscitandae</strong></span> <span class='ocrx_word' id='word_1_600' title='bbox 1408 5550 1453 5614; x_wconf 87' lang='lat' dir='ltr'><strong>ud</strong></span> <span class='ocrx_word' id='word_1_601' title='bbox 1504 5549 1588 5629; x_wconf 87' lang='lat' dir='ltr'><strong>ciue,</strong></span> <span class='ocrx_word' id='word_1_602' title='bbox 1611 5571 1654 5615; x_wconf 87' lang='lat' dir='ltr'><strong>an</strong></span> <span class='ocrx_word' id='word_1_603' title='bbox 1676 5547 1832 5615; x_wconf 86' lang='lat' dir='ltr'><strong>fundatae</strong></span> <span class='ocrx_word' id='word_1_604' title='bbox 1855 5550 1887 5614; x_wconf 93' lang='lat' dir='ltr'><strong>in</strong></span> <span class='ocrx_word' id='word_1_605' title='bbox 1912 5549 2095 5634; x_wconf 86' lang='lat' dir='ltr'><strong>Scriptura.</strong></span> <span class='ocrx_word' id='word_1_606' title='bbox 2127 5551 2260 5618; x_wconf 86' lang='lat' dir='ltr'><strong>Scimus</strong></span> <span class='ocrx_word' id='word_1_607' title='bbox 2282 5572 2383 5620; x_wconf 91' lang='lat' dir='ltr'><strong>unum</strong></span> <span class='ocrx_word' id='word_1_608' title='bbox 2404 5568 2482 5614; x_wconf 89' lang='lat' dir='ltr'><strong>esse</strong></span> 
     </span>
     <span class='ocr_line' id='line_1_66' title="bbox 473 5633 2480 5724; baseline 0.002 -25"><span class='ocrx_word' id='word_1_609' title='bbox 473 5633 774 5700; x_wconf 88' lang='lat' dir='ltr'><strong>considerationem</strong></span> <span class='ocrx_word' id='word_1_610' title='bbox 805 5635 993 5712; x_wconf 89' lang='lat' dir='ltr'><strong>doctrinae,</strong></span> <span class='ocrx_word' id='word_1_611' title='bbox 1021 5646 1056 5701; x_wconf 88' lang='lat' dir='ltr'><strong>et</strong></span> <span class='ocrx_word' id='word_1_612' title='bbox 1081 5635 1124 5701; x_wconf 90' lang='lat' dir='ltr'><strong>ad</strong></span> <span class='ocrx_word' id='word_1_613' title='bbox 1147 5636 1326 5722; x_wconf 86' lang='lat' dir='ltr'><strong>gratiarum</strong></span> <span class='ocrx_word' id='word_1_614' title='bbox 1349 5636 1452 5702; x_wconf 89' lang='lat' dir='ltr'><strong>actio·</strong></span> <span class='ocrx_word' id='word_1_615' title='bbox 1503 5633 1612 5702; x_wconf 88' lang='lat' dir='ltr'><strong>Deum</strong></span> <span class='ocrx_word' id='word_1_616' title='bbox 1651 5646 1839 5714; x_wconf 86' lang='lat' dir='ltr'><strong>aeteruum,</strong></span> <span class='ocrx_word' id='word_1_617' title='bbox 1866 5636 2052 5704; x_wconf 88' lang='lat' dir='ltr'><strong>immensae</strong></span> <span class='ocrx_word' id='word_1_618' title='bbox 2080 5638 2275 5723; x_wconf 87' lang='lat' dir='ltr'><strong>sapientiae,</strong></span> <span class='ocrx_word' id='word_1_619' title='bbox 2302 5636 2480 5724; x_wconf 80' lang='lat' dir='ltr'><strong>potentiae,</strong></span> 
     </span>
    </p>
   </div>
   <div class='ocr_carea' id='block_1_10' title="bbox 509 2694 1418 2935">
    <p class='ocr_par' dir='ltr' id='par_1_11' title="bbox 509 2694 1418 2935">
     <span class='ocr_line' id='line_1_67' title="bbox 509 2694 1418 2807; baseline 0.003 -28"><span class='ocrx_word' id='word_1_620' title='bbox 509 2694 728 2796; x_wconf 83' lang='lat' dir='ltr'><strong>Quomodo</strong></span> <span class='ocrx_word' id='word_1_621' title='bbox 759 2696 892 2807; x_wconf 89' lang='lat' dir='ltr'><strong>angeli</strong></span> <span class='ocrx_word' id='word_1_622' title='bbox 921 2697 1065 2779; x_wconf 82' lang='lat' dir='ltr'><strong>vident</strong></span> <span class='ocrx_word' id='word_1_623' title='bbox 1101 2695 1247 2782; x_wconf 80' lang='lat' dir='ltr'><strong>faciem</strong></span> <span class='ocrx_word' id='word_1_624' title='bbox 1277 2699 1418 2803; x_wconf 84' lang='lat' dir='ltr'><strong>Patris,</strong></span> 
     </span>
     <span class='ocr_line' id='line_1_68' title="bbox 748 2849 1185 2935; baseline 0.007 -3"><span class='ocrx_word' id='word_1_625' title='bbox 748 2878 842 2932; x_wconf 91' lang='lat' dir='ltr'><strong>cum</strong></span> <span class='ocrx_word' id='word_1_626' title='bbox 875 2849 955 2932; x_wconf 84' lang='lat' dir='ltr'><strong>sint</strong></span> <span class='ocrx_word' id='word_1_627' title='bbox 983 2851 1027 2932; x_wconf 90' lang='lat' dir='ltr'><strong>in</strong></span> <span class='ocrx_word' id='word_1_628' title='bbox 1053 2851 1185 2935; x_wconf 81' lang='lat' dir='ltr'><strong>terra?</strong></span> 
     </span>
    </p>
   </div>
   <div class='ocr_carea' id='block_1_11' title="bbox 472 3044 1453 3396">
    <p class='ocr_par' dir='ltr' id='par_1_12' title="bbox 472 3044 1453 3396">
     <span class='ocr_line' id='line_1_69' title="bbox 559 3044 1453 3138; baseline 0.007 -26"><span class='ocrx_word' id='word_1_629' title='bbox 559 3044 773 3133; x_wconf 85' lang='lat' dir='ltr'><strong>Respondeo.</strong></span> <span class='ocrx_word' id='word_1_630' title='bbox 807 3047 901 3113; x_wconf 88' lang='lat' dir='ltr'><strong>Deus</strong></span> <span class='ocrx_word' id='word_1_631' title='bbox 924 3051 1022 3115; x_wconf 87' lang='lat' dir='ltr'><strong>adest</strong></span> <span class='ocrx_word' id='word_1_632' title='bbox 1042 3050 1185 3136; x_wconf 86' lang='lat' dir='ltr'><strong>ubique;</strong></span> <span class='ocrx_word' id='word_1_633' title='bbox 1207 3052 1397 3138; x_wconf 85' lang='lat' dir='ltr'><strong>ubicunque</strong></span> <span class='ocrx_word' id='word_1_634' title='bbox 1413 3071 1453 3118; x_wconf 86' lang='lat' dir='ltr'><strong>sa</strong></span> 
     </span>
     <span class='ocr_line' id='line_1_70' title="bbox 473 3131 1452 3223; baseline 0.004 -24"><span class='ocrx_word' id='word_1_635' title='bbox 473 3131 644 3218; x_wconf 78' lang='lat' dir='ltr'><strong>patefacit,</strong></span> <span class='ocrx_word' id='word_1_636' title='bbox 665 3145 806 3200; x_wconf 89' lang='lat' dir='ltr'><strong>cernunt</strong></span> <span class='ocrx_word' id='word_1_637' title='bbox 827 3154 918 3200; x_wconf 73' lang='lat' dir='ltr'><strong>eume</strong></span> <span class='ocrx_word' id='word_1_638' title='bbox 948 3133 1006 3202; x_wconf 89' lang='lat' dir='ltr'><strong>ille</strong></span> <span class='ocrx_word' id='word_1_639' title='bbox 1034 3147 1194 3223; x_wconf 89' lang='lat' dir='ltr'><strong>aspectus</strong></span> <span class='ocrx_word' id='word_1_640' title='bbox 1216 3158 1283 3202; x_wconf 90' lang='lat' dir='ltr'><strong>non</strong></span> <span class='ocrx_word' id='word_1_641' title='bbox 1306 3150 1359 3203; x_wconf 87' lang='lat' dir='ltr'><strong>est</strong></span> <span class='ocrx_word' id='word_1_642' title='bbox 1380 3135 1452 3204; x_wconf 89' lang='lat' dir='ltr'><strong>alli-</strong></span> 
     </span>
     <span class='ocr_line' id='line_1_71' title="bbox 474 3216 1452 3312; baseline 0.009 -29"><span class='ocrx_word' id='word_1_643' title='bbox 474 3230 573 3306; x_wconf 90' lang='lat' dir='ltr'><strong>gatus</strong></span> <span class='ocrx_word' id='word_1_644' title='bbox 594 3216 684 3285; x_wconf 88' lang='lat' dir='ltr'><strong>loco.</strong></span> <span class='ocrx_word' id='word_1_645' title='bbox 727 3218 824 3286; x_wconf 91' lang='lat' dir='ltr'><strong>Deus</strong></span> <span class='ocrx_word' id='word_1_646' title='bbox 841 3240 881 3286; x_wconf 84' lang='lat' dir='ltr'><strong>se</strong></span> <span class='ocrx_word' id='word_1_647' title='bbox 901 3223 1039 3307; x_wconf 84' lang='lat' dir='ltr'><strong>praebet</strong></span> <span class='ocrx_word' id='word_1_648' title='bbox 1062 3224 1348 3309; x_wconf 87' lang='lat' dir='ltr'><strong>conspiciendum,</strong></span> <span class='ocrx_word' id='word_1_649' title='bbox 1369 3245 1452 3312; x_wconf 79' lang='lat' dir='ltr'><strong>quo-</strong></span> 
     </span>
     <span class='ocr_line' id='line_1_72' title="bbox 472 3303 1176 3396; baseline 0.007 -26"><span class='ocrx_word' id='word_1_650' title='bbox 472 3306 705 3391; x_wconf 85' lang='lat' dir='ltr'><strong>modocunque</strong></span> <span class='ocrx_word' id='word_1_651' title='bbox 725 3303 808 3388; x_wconf 89' lang='lat' dir='ltr'><strong>vult,</strong></span> <span class='ocrx_word' id='word_1_652' title='bbox 829 3318 865 3373; x_wconf 87' lang='lat' dir='ltr'><strong>et</strong></span> <span class='ocrx_word' id='word_1_653' title='bbox 883 3308 1073 3396; x_wconf 86' lang='lat' dir='ltr'><strong>ubicunque</strong></span> <span class='ocrx_word' id='word_1_654' title='bbox 1093 3308 1176 3376; x_wconf 90' lang='lat' dir='ltr'><strong>vult.</strong></span> 
     </span>
    </p>
   </div>
   <div class='ocr_carea' id='block_1_12' title="bbox 512 3636 1417 3879">
    <p class='ocr_par' dir='ltr' id='par_1_13' title="bbox 512 3636 1417 3879">
     <span class='ocr_line' id='line_1_73' title="bbox 512 3636 1417 3740; baseline 0.009 -20"><span class='ocrx_word' id='word_1_655' title='bbox 512 3636 731 3740; x_wconf 87' lang='lat' dir='ltr'><strong>Quomodo</strong></span> <span class='ocrx_word' id='word_1_656' title='bbox 766 3639 979 3724; x_wconf 84' lang='lat' dir='ltr'><strong>retinenda</strong></span> <span class='ocrx_word' id='word_1_657' title='bbox 1017 3652 1081 3725; x_wconf 80' lang='lat' dir='ltr'><strong>est</strong></span> <span class='ocrx_word' id='word_1_658' title='bbox 1119 3670 1261 3727; x_wconf 87' lang='lat' dir='ltr'><strong>eorum</strong></span> <span class='ocrx_word' id='word_1_659' title='bbox 1297 3641 1417 3728; x_wconf 85' lang='lat' dir='ltr'><strong>fami·</strong></span> 
     </span>
     <span class='ocr_line' id='line_1_74' title="bbox 873 3795 1048 3879; baseline 0 -1"><span class='ocrx_word' id='word_1_660' title='bbox 873 3795 1048 3879; x_wconf 84' lang='lat' dir='ltr'><strong>liaritasi</strong></span> 
     </span>
    </p>
   </div>
   <div class='ocr_carea' id='block_1_13' title="bbox 472 3990 1455 4344">
    <p class='ocr_par' dir='ltr' id='par_1_14' title="bbox 472 3990 1455 4344">
     <span class='ocr_line' id='line_1_75' title="bbox 560 3990 1455 4083; baseline 0.006 -25"><span class='ocrx_word' id='word_1_661' title='bbox 560 3990 720 4058; x_wconf 85' lang='lat' dir='ltr'><strong>Amemus</strong></span> <span class='ocrx_word' id='word_1_662' title='bbox 747 3993 858 4060; x_wconf 90' lang='lat' dir='ltr'><strong>studia</strong></span> <span class='ocrx_word' id='word_1_663' title='bbox 885 3994 1059 4061; x_wconf 88' lang='lat' dir='ltr'><strong>doctrlnae</strong></span> <span class='ocrx_word' id='word_1_664' title='bbox 1080 3992 1259 4076; x_wconf 61' lang='lat' dir='ltr'><strong>coelestim</strong></span> <span class='ocrx_word' id='word_1_665' title='bbox 1286 3996 1455 4083; x_wconf 76' lang='lat' dir='ltr'><strong>fugiamus</strong></span> 
     </span>
     <span class='ocr_line' id='line_1_76' title="bbox 473 4076 1454 4170; baseline 0.005 -24"><span class='ocrx_word' id='word_1_666' title='bbox 473 4098 647 4146; x_wconf 86' lang='lat' dir='ltr'><strong>sermones</strong></span> <span class='ocrx_word' id='word_1_667' title='bbox 686 4076 855 4159; x_wconf 89' lang='lat' dir='ltr'><strong>lascivos,</strong></span> <span class='ocrx_word' id='word_1_668' title='bbox 894 4083 1087 4148; x_wconf 84' lang='lat' dir='ltr'><strong>obscoenas</strong></span> <span class='ocrx_word' id='word_1_669' title='bbox 1120 4080 1270 4166; x_wconf 81' lang='lat' dir='ltr'><strong>fabulas3</strong></span> <span class='ocrx_word' id='word_1_670' title='bbox 1310 4085 1454 4170; x_wconf 83' lang='lat' dir='ltr'><strong>denique</strong></span> 
     </span>
     <span class='ocr_line' id='line_1_77' title="bbox 473 4166 1453 4249; baseline 0.004 -17"><span class='ocrx_word' id='word_1_671' title='bbox 473 4186 605 4232; x_wconf 92' lang='lat' dir='ltr'><strong>omnem</strong></span> <span class='ocrx_word' id='word_1_672' title='bbox 627 4166 892 4233; x_wconf 89' lang='lat' dir='ltr'><strong>obscoenitatem</strong></span> <span class='ocrx_word' id='word_1_673' title='bbox 921 4171 956 4234; x_wconf 91' lang='lat' dir='ltr'><strong>in</strong></span> <span class='ocrx_word' id='word_1_674' title='bbox 986 4167 1084 4234; x_wconf 90' lang='lat' dir='ltr'><strong>dictis</strong></span> <span class='ocrx_word' id='word_1_675' title='bbox 1107 4179 1143 4235; x_wconf 88' lang='lat' dir='ltr'><strong>et</strong></span> <span class='ocrx_word' id='word_1_676' title='bbox 1162 4167 1275 4249; x_wconf 80' lang='lat' dir='ltr'><strong>iactis,</strong></span> <span class='ocrx_word' id='word_1_677' title='bbox 1303 4190 1453 4237; x_wconf 88' lang='lat' dir='ltr'><strong>amemus</strong></span> 
     </span>
     <span class='ocr_line' id='line_1_78' title="bbox 472 4253 1453 4344; baseline 0.002 -24"><span class='ocrx_word' id='word_1_678' title='bbox 472 4253 681 4320; x_wconf 84' lang='lat' dir='ltr'><strong>modestiam.</strong></span> <span class='ocrx_word' id='word_1_679' title='bbox 731 4253 817 4318; x_wconf 88' lang='lat' dir='ltr'><strong>Nam</strong></span> <span class='ocrx_word' id='word_1_680' title='bbox 844 4255 891 4320; x_wconf 88' lang='lat' dir='ltr'><strong>ibi</strong></span> <span class='ocrx_word' id='word_1_681' title='bbox 923 4266 1003 4321; x_wconf 90' lang='lat' dir='ltr'><strong>sunt</strong></span> <span class='ocrx_word' id='word_1_682' title='bbox 1034 4253 1114 4321; x_wconf 90' lang='lat' dir='ltr'><strong>mali</strong></span> <span class='ocrx_word' id='word_1_683' title='bbox 1138 4254 1264 4344; x_wconf 86' lang='lat' dir='ltr'><strong>angeli,</strong></span> <span class='ocrx_word' id='word_1_684' title='bbox 1295 4258 1353 4323; x_wconf 91' lang='lat' dir='ltr'><strong>ubi</strong></span> <span class='ocrx_word' id='word_1_685' title='bbox 1385 4278 1453 4323; x_wconf 91' lang='lat' dir='ltr'><strong>non</strong></span> 
     </span>
    </p>
   </div>
   <div class='ocr_carea' id='block_1_14' title="bbox 473 4338 1454 4510">
    <p class='ocr_par' dir='ltr' id='par_1_15' title="bbox 473 4338 1454 4510">
     <span class='ocr_line' id='line_1_79' title="bbox 474 4338 1454 4489; baseline 0.004 -86"><span class='ocrx_word' id='word_1_686' title='bbox 474 4351 529 4444; x_wconf 71' lang='lat' dir='ltr'><strong>est</strong></span> <span class='ocrx_word' id='word_1_687' title='bbox 548 4338 729 4489; x_wconf 60' lang='lat' dir='ltr'><strong>inpppatio,</strong></span> <span class='ocrx_word' id='word_1_688' title='bbox 749 4341 807 4408; x_wconf 92' lang='lat' dir='ltr'><strong>ubi</strong></span> <span class='ocrx_word' id='word_1_689' title='bbox 824 4352 904 4408; x_wconf 89' lang='lat' dir='ltr'><strong>sunt</strong></span> <span class='ocrx_word' id='word_1_690' title='bbox 923 4339 1099 4427; x_wconf 83' lang='lat' dir='ltr'><strong>Epicuraei</strong></span> <span class='ocrx_word' id='word_1_691' title='bbox 1115 4361 1303 4423; x_wconf 88' lang='lat' dir='ltr'><strong>sermones,</strong></span> <span class='ocrx_word' id='word_1_692' title='bbox 1322 4343 1381 4409; x_wconf 91' lang='lat' dir='ltr'><strong>ubi</strong></span> <span class='ocrx_word' id='word_1_693' title='bbox 1403 4353 1454 4408; x_wconf 87' lang='lat' dir='ltr'><strong>est</strong></span> 
     </span>
     <span class='ocr_line' id='line_1_80' title="bbox 473 4445 658 4510; baseline -0.016 -20"><span class='ocrx_word' id='word_1_694' title='bbox 473 4445 592 4510; x_wconf 85' lang='lat' dir='ltr'><strong>tmpun</strong></span> <span class='ocrx_word' id='word_1_695' title='bbox 649 4469 658 4487; x_wconf 92' lang='lat'><strong>.</strong></span> 
     </span>
    </p>
   </div>
   <div class='ocr_carea' id='block_1_15' title="bbox 0 0 2975 6708">
    <p class='ocr_par' dir='ltr' id='par_1_16' title="bbox 0 0 2975 6708">
     <span class='ocr_line' id='line_1_81' title="bbox 0 0 2975 6708; baseline 0 0"><span class='ocrx_word' id='word_1_696' title='bbox 0 0 2975 6708; x_wconf 95' lang='lat' dir='ltr'><strong> </strong></span> 
     </span>
    </p>
   </div>
  </div>
 </body>
</html>
