5934 6709
539 674 622 742 12⁷·
1173 664 1285 731 Plllh.
1306 663 1412 731 MEL.
1435 663 1625 732 schim
1646 662 1912 731 exscertus.
2490 670 2555 739 120

533 859 847 930 sanctificamurad
869 855 1026 922 iustitiam
1047 865 1082 919 et
1099 853 1201 918 vitam
1217 864 1399 918 aeternam.
1442 851 1517 918 Hoc
1569 850 1723 930 Christo:
1751 862 1805 932 ut,
1834 853 1897 918 nisi
1924 866 2132 921 sustentetur
2153 853 2298 923 humana
2318 868 2439 924 natura
2459 878 2482 924 a
2503 859 2553 925 di·

534 951 714 1016 discrimen
735 963 878 1011 neoesse
900 953 954 1007 est
975 940 1110 1006 retineri
1131 940 1165 1027 in
1187 937 1353 1004 Ecclesia.
1567 940 1662 1018 vina,
1685 938 1893 1024 redigeretur
1913 940 1946 1004 in
1970 938 2114 1006 nihilrun.
2166 941 2209 1007 Et
2237 960 2302 1029 ego
2325 943 2427 1008 credo
2450 963 2554 1032 copu.

532 1085 537 1093 .
622 1033 734 1098 ludaei
766 1051 834 1096 non
872 1039 1060 1115 agnoscunt
1096 1025 1164 1090 hoc
1201 1027 1301 1090 modo
1331 1023 1514 1090 Christum.
1566 1020 1724 1090 lationem
1746 1025 1876 1091 animae
1898 1039 1932 1091 et
1955 1027 2107 1111 corporis
2125 1028 2158 1094 in
2180 1027 2314 1094 homine
2332 1048 2412 1095 esse
2433 1028 2562 1120 52¹³ng

534 1122 704 1197 Sentium,
727 1118 816 1203 quod
838 1114 983 1180 lilessias
1005 1126 1167 1178 venturus
1189 1112 1250 1190 sit,
1275 1121 1311 1176 ut
1333 1111 1516 1177 constituet
1567 1130 1643 1176 nem
1677 1112 2041 1178 convenientissimam:
2076 1124 2110 1179 ot
2139 1115 2241 1179 credo
2275 1116 2442 1182 bominem
2471 1138 2552 1185 osse

534 1205 709 1294 pulchrum
736 1203 927 1288 imperium;
955 1219 1022 1264 non
1051 1208 1344 1284 agnoscunueum
1366 1216 1445 1262 esse
1466 1197 1514 1262 vi·
1568 1197 1754 1276 conditum,
1784 1209 1823 1262 ut
1850 1200 1893 1263 sit
1920 1200 2038 1263 umbra
2066 1199 2206 1266 istarum
2229 1221 2354 1269 rerum:
2383 1203 2551 1288 quianon

535 1295 684 1369 ctimam,
716 1291 975 1372 redemptorem,
1005 1296 1042 1350 et
1069 1281 1283 1348 salvatorem.
1312 1338 1315 1347 .
1338 1282 1396 1348 Sic
1422 1280 1515 1348 multi
1566 1301 1708 1367 prorsus
1736 1293 1789 1347 est
1818 1281 2009 1351 similitudo.
2065 1284 2192 1352 Natura
2213 1285 2359 1352 humana
2382 1301 2416 1353 et
2438 1289 2551 1356 divina

535 1380 720 1445 scribentes
743 1379 775 1439 in
789 1371 944 1440 Ecclesia
965 1392 1032 1436 non
1054 1367 1289 1435 intellexerunt
1310 1368 1376 1434 hoc
1398 1369 1515 1433 discri-
1566 1370 1600 1433 in
1623 1367 1758 1434 Christo
1785 1388 1954 1455 nunquam
1975 1370 2224 1451 distrahuntur,
2253 1375 2345 1439 sicut
2368 1392 2493 1460 corpus
2518 1387 2552 1442 et

534 1487 622 1532 men.
667 1462 759 1528 Sicut
782 1459 921 1546 Moyses
951 1459 1057 1535 venit,
1084 1457 1175 1522 dedit
1204 1456 1276 1520 suis
1303 1455 1440 1520 rusticis
1463 1454 1515 1519 lu·
1567 1454 1677 1520 anima
1693 1455 1727 1518 in
1744 1451 1878 1520 homine
1896 1452 2106 1522 divelluntur.
2149 1457 2245 1528 Quod
2260 1459 2355 1521 remei
2370 1465 2551 1543 crumpat,

535 1552 630 1617 daeis
662 1550 819 1615 rusticam
853 1545 979 1630 legem:
1014 1544 1058 1608 ita
1089 1543 1182 1607 venit
1209 1552 1329 1627 postea
1358 1538 1515 1605 Christus
1566 1541 1673 1626 inquit
1689 1539 1932 1626 Damascenus,
1948 1563 2101 1626 neopum
2122 1543 2284 1627 relinquet.
2318 1545 2395 1611 Non
2417 1545 2552 1635 reliquit
2645 1560 2648 1565 ’

422 1635 424 1637 ’
534 1637 634 1704 homo
663 1632 764 1720 paulo
792 1633 967 1707 urbanior,
996 1630 1052 1714 qui
1074 1628 1164 1692 dedit
1185 1627 1282 1691 nobis
1304 1624 1413 1711 legem
1439 1645 1515 1691 sua-
1567 1626 1679 1691 divina
1696 1636 1815 1691 natura
1835 1627 2011 1694 humanam
2033 1629 2067 1692 in
2090 1628 2297 1715 sepulchro.¹
2334 1631 2396 1697 Est
2418 1635 2551 1700 mirabi-

535 1726 661 1789 viorem
682 1733 716 1786 et
737 1717 1013 1791 commodiorem:
1034 1712 1189 1779 liberavit
1209 1733 1273 1777 nos
1289 1714 1333 1777 ab
1349 1709 1416 1777 illis
1434 1709 1515 1777 stul·
1565 1709 1609 1777 lis
1632 1708 1811 1796 copulatio,
1834 1734 1920 1798 quac
1942 1725 1995 1779 est
2015 1732 2140 1780 arcano
2160 1716 2301 1782 consilio
2325 1714 2429 1799 iacta,
2449 1741 2551 1806 quam

533 1810 577 1874 tis
599 1805 908 1881 observationibus,
936 1820 1022 1887 quae
1042 1800 1227 1950 prohibent
1247 1818 1345 1865 usum
1366 1799 1515 1865 centlum
1567 1799 1736 1865 discemus
1759 1798 1792 1861 in
1815 1801 1903 1864 omni
1924 1801 2128 1866 aeternitate.
2165 1802 2297 1869 Interea
2318 1816 2427 1869 tamen
2450 1827 2550 1892 opor·

533 1893 770 1980 leporinamm,
791 1888 1019 1976 porcinarum:
1064 1887 1132 1951 edit
1153 1905 1248 1950 suam
1269 1881 1389 1970 legem,
1410 1897 1447 1949 ut
1467 1885 1515 1949 di·
1567 1896 1614 1950 tet
1646 1906 1710 1950 nos
1744 1882 1834 1948 scire
1867 1906 2027 1966 caussas,
2060 1908 2164 1974 quare
2193 1887 2250 1954 ille
2279 1887 2383 1954 Filius
2414 1888 2478 1956 Dei
2506 1894 2550 1957 sit

534 1979 678 2068 ligamus
699 1977 869 2053 inimicos,
898 1987 935 2039 ut
961 1971 1104 2039 libenter
1130 1971 1311 2056 partiamur
1340 1968 1456 2039 cilicia
1481 1933 1544 2042 etl
1568 1973 1768 2038 constitutus
1781 1969 1957 2051 Mediator,
1980 1986 2013 2037 et
2035 1970 2148 2039 nullus
2170 1971 2323 2062 angelus,
2345 1972 2437 2042 nulla
2454 1996 2549 2044 crea-

534 2065 727 2133 i'acultates.
1566 2069 1642 2124 tura
1665 2058 1779 2123 debuit
1800 2075 1878 2122 esse
1900 2060 2071 2127 mediator.

622 2150 682 2216 lsti
699 2160 776 2214 sunt
797 2145 931 2211 furores
953 2144 1119 2223 Satanici,
1140 2154 1175 2208 et
1196 2143 1355 2209 tenebrae
1375 2140 1515 2217 horribi-
1653 2143 1781 2208 Prima:
1819 2142 1975 2229 Oportuit
2007 2143 2173 2212 hominem
2206 2165 2284 2211 esse
2311 2146 2549 2229 mediatorem:

535 2236 606 2316 les,
633 2257 720 2322 quae
746 2231 847 2300 iacile
876 2233 1064 2316 opprimunt
1090 2227 1296 2307 Ecclesiam,
1320 2239 1353 2293 ει
1381 2248 1516 2313 semper
1589 2232 1644 2296 ula
1667 2230 1766 2295 homo
1789 2242 2008 2314 peccaverat:
2040 2233 2076 2294 1:
2096 2235 2152 2315 qui
2167 2236 2333 2314 peccarit,
2355 2233 2445 2298 boma
2463 2238 2547 2315 fidi:

534 2327 568 2391 in
584 2320 770 2389 Ecclesiam
786 2323 939 2384 invectae
956 2328 1046 2395 sunt,
1065 2317 1198 2402 quando
1216 2312 1309 2379 fulsit
1330 2310 1387 2378 lux
1405 2313 1515 2379 Evan-
1597 2337 1657 2400 rgo
1691 2315 1822 2399 alimum
1854 2337 1896 2377 ex
1931 2338 2043 2400 perere
2062 2319 2214 2380 tomam
2252 2324 2394 2402 oportuit
2430 2322 2550 2387 :olem

559 2407 613 2476 elii
635 2407 851 2494 aliquamdiu:
881 2416 931 2485 et,
957 2404 1021 2467 nisi
1044 2403 1136 2467 eritis
1157 2402 1368 2466 ardentiores
1391 2402 1424 2464 in
1447 2414 1516 2466 stu·
1563 2405 1708 2484 pratea
1753 2403 1926 2468 Secundo:
1959 2402 2114 2489 Oportuit
2136 2424 2213 2472 esse
2234 2403 2363 2487 Deum,
2386 2426 2454 2474 non
2476 2419 2550 2477 tan·

535 2432 598 2564 lta
620 2507 654 2561 et
674 2494 902 2570 invocatione,
926 2501 958 2554 et
981 2488 1157 2553 studebitis
1180 2507 1259 2552 esse
1280 2485 1516 2565 modestiores,
1568 2501 1636 2555 tum
1657 2488 1842 2567 hominem,
1864 2484 1941 2594 quia
1963 2488 2055 2556 nulla
2076 2504 2196 2556 natura
2219 2504 2341 2566 creata,
2364 2512 2426 2558 seu
2443 2493 2547 2575 linita,

536 2579 622 2649 tales
644 2582 803 2645 tenebrae
824 2578 990 2642 rediturae
1011 2587 1101 2639 sunt.
1566 2587 1680 2665 potest
1696 2595 1775 2640 esse
1792 2572 2007 2661 aequivalens
2024 2578 2176 2661 pretium.
2209 2576 2336 2643 Tertio:
2360 2576 2445 2653 Quia
2455 2576 2550 2647 nulla

623 2667 672 2731 lta
701 2686 783 2752 ergo
805 2662 861 2727 bic
883 2662 1011 2808 guaerit
1040 2679 1082 2723 ex
1104 2658 1175 2725 suis
1198 2653 1386 2742 discipulis:
1421 2658 1517 2728 Qtoem
1566 2675 1686 2727 natura
1708 2661 1800 2726 finita
1817 2662 1983 2746 potuisset
2005 2665 2172 2729 sustinere
2193 2665 2277 2730 iram
2293 2662 2369 2730 Dei.
2402 2665 2547 2741 Quarto:

535 2755 646 2815 dicam
674 2772 739 2813 erre
760 2749 859 2831 filimi:
907 2746 1038 2810 ments?
1087 2740 1306 2830 Respondent
1334 2740 1398 2809 illi:
1431 2745 1517 2810 Sunt
1568 2746 1654 2821 Quia
1686 2761 1805 2813 natura
1838 2758 1951 2813 creata
1979 2763 2096 2833 posset
2126 2752 2301 2815 restituere
2329 2751 2486 2819 iustitiam
2514 2765 2550 2819 et

536 2841 651 2904 variae
685 2838 878 2920 opiniones:
912 2830 998 2897 alius
1031 2830 1112 2895 dicit
1139 2842 1173 2895 te
1203 2850 1281 2896 esse
1308 2828 1432 2910 Eliam,
1460 2830 1517 2897 alii
1567 2835 1669 2899 vitam
1687 2849 1868 2900 aeternam.
1903 2833 2041 2908 Quinto:
2063 2833 2164 2901 Nulla
2181 2849 2300 2903 natura
2322 2849 2437 2904 creata
2453 2839 2550 2914 ,videt

536 2923 652 2990 alium:
680 2923 743 2988 sed
770 2923 826 2986 isti
851 2920 1021 2998 nesciunt,
1049 2916 1128 3002 quid
1154 2917 1285 2996 dicant,
1312 2918 1391 3002 quia
1417 2937 1517 2983 nemo
1566 2931 1686 3028 pectus
1713 2919 1841 3000 Patris,
1867 2930 1926 2986 aut
1952 2923 2063 2987 estin
2091 2934 2228 2988 aeterno
2256 2920 2399 2990 consilio
2422 2925 2550 2994 Patris:

536 3021 630 3077 recte
662 3009 757 3075 novit
788 3006 906 3072 Filium
937 3002 1022 3084 Dei,
1057 3004 1124 3068 nisi
1158 3006 1214 3089 qui
1248 3004 1363 3069 didicit
1394 3004 1520 3069 doctri·
1567 3004 1671 3074 solus
1691 3005 1795 3074 Filius
1817 3008 1907 3074 videt
1928 3019 2045 3093 pectus
2068 3007 2191 3088 Patris,
2212 3010 2384 3077 intercedit
2405 3030 2469 3098 pro
2491 3030 2550 3077 no-

481 3096 486 3103 '
535 3118 613 3163 narn
640 3094 736 3162 Evan
781 3090 825 3158 lii.
876 3091 940 3154 Vc:
968 3096 1069 3152 catea
1096 3109 1185 3173 prtem
1212 3091 1324 3152 diddo
1351 3110 1399 3151 nte
1429 3091 1519 3152 uxi
1569 3095 1632 3160 bis.
1683 3093 1774 3160 istae
1802 3113 1905 3160 verae
1933 3105 2011 3160 sunt
2045 3114 2209 3176 caussae,
2241 3096 2368 3161 etiarnsi
2399 3096 2551 3162 nondum

535 3183 584 3249 lbi
613 3201 738 3267 respon
761 3191 796 3245 et
824 3176 965 3243 Petrus:
1002 3173 1048 3237 ilc
1076 3194 1110 3236 e:
1137 3174 1193 3236 ille
1221 3175 1382 3238 cimba:
1411 3175 1519 3262 (quod
1570 3182 1775 3247 convincunt
1806 3181 1979 3246 rationem.
2035 3181 2178 3267 Propter
2209 3181 2271 3247 has
2298 3200 2441 3247 caussas
2469 3194 2551 3248 sunt

536 3269 667 3334 Graece
697 3276 800 3331 sonat
832 3263 1056 3340 commodius,
1087 3274 1226 3348 propter
1257 3259 1446 3339 articulum)
1472 3260 1521 3323 Er
1573 3264 1768 3351 copulatae,
1801 3268 1913 3334 divina
1941 3279 1975 3333 et
2001 3265 2146 3334 humana
2173 3279 2302 3334 natura.
2357 3266 2416 3335 Sic
2444 3289 2550 3356 agno·

414 3432 419 3440 Ι
534 3355 590 3417 tile
612 3353 770 3425 anam,
800 3354 855 3434 qui
875 3357 923 3412 ert
939 3351 1116 3430 prmrrism
1136 3368 1179 3410 ee
1199 3352 1312 3411 remae
1331 3348 1459 3422 maid,
1488 3356 1521 3412 et
1571 3364 1672 3420 scunt
1699 3353 1732 3419 A
1756 3351 1873 3434 ostoli,
1900 3355 1991 3440 quod
2013 3353 2168 3421 Christus
2188 3375 2257 3422 non
2277 3364 2404 3420 tantum
2425 3355 2472 3420 sit
2493 3355 2553 3421 do·

535 3441 660 3524 quidem
680 3460 714 3500 es
735 3439 838 3501 iilius
858 3437 924 3500 Dei
943 3436 1083 3496 oimtis.
1572 3452 1666 3519 ctor,
1688 3459 1706 3504 s
1772 3440 1815 3506 sit
1837 3442 2024 3527 promissus
2053 3451 2088 3506 et
2115 3438 2297 3521 liberator,
2324 3450 2359 3506 et
2387 3437 2551 3522 salvator,

623 3524 718 3590 Haec
747 3534 802 3589 est
828 3521 888 3587 illa
914 3517 1066 3588 sublimis
1094 3519 1213 3585 concio
1243 3521 1286 3587 de
1312 3539 1459 3605 persona
1486 3529 1522 3586 et
1571 3525 1629 3611 qui
1657 3536 1715 3598 ,est
1746 3524 1850 3593 Filius
1879 3524 1960 3607 Dei,
1994 3527 2184 3594 redditurus
2210 3529 2309 3594 nobis
2338 3527 2494 3594 iustitiam
2518 3539 2552 3592 et

538 3609 651 3677 officio
674 3609 810 3676 Christi.
855 3607 950 3675 llaec
971 3603 1142 3671 consessio
1159 3604 1262 3685 Petri,
1279 3616 1333 3672 est
1349 3603 1520 3672 confessio
1572 3613 1675 3678 vitam
1707 3623 1892 3680 aeternam:
1925 3613 1981 3698 qui
2010 3611 2150 3679 mirabili
2178 3614 2277 3680 modo
2304 3615 2455 3700 adiungit
2485 3612 2551 3678 sibi

537 3699 641 3765 totius
662 3694 851 3763 Ecclesiae·
901 3693 1057 3759 Christus
1081 3689 1192 3757 differt
1218 3693 1261 3757 ab
1284 3693 1439 3758 omnibus
1461 3693 1521 3758 do·
1542 3700 1547 3721 ²
1570 3696 1777 3778 Ecclesiam,
1800 3709 1854 3765 est
1875 3711 1976 3785 caput
1997 3701 2131 3786 generis
2153 3699 2308 3781 humani,
2335 3697 2465 3790 colligit
2485 3699 2551 3765 sibi

538 3786 703 3868 ctoribus,
737 3793 805 3846 non
834 3792 962 3846 tantum
989 3775 1122 3857 0ffl010‚
1151 3779 1213 3844 ⁸0¹1
1241 3779 1339 3844 eiiam
1365 3798 1519 3864 person&
1571 3782 1760 3851 Ecclesiam
1781 3804 1845 3852 sua
1866 3787 2014 3871 potentia
2034 3788 2069 3852 in
2092 3807 2218 3873 genere
2239 3787 2396 3855 humano.

537 3870 635 3936 Prius
659 3872 727 3935 dixi
748 3869 791 3933 de
812 3864 941 3932 officio:
973 3864 1036 3930 Est
1062 3867 1208 3935 uictima,
1237 3865 1432 3946 redemptor,
1459 3864 1521 3927 :cl
2318 3886 2321 3892 ·

538 3965 638 4019 ector.
683 3957 747 4021 Est
768 3955 899 4041 quidem
921 3951 1019 4017 simul
1042 3952 1176 4031 doctor,
1206 3953 1268 4035 sed
1294 3974 1363 4018 non
1393 3962 1519 4018 tantum

538 4045 674 4121 doctor,
705 4043 793 4106 sicut
814 4040 986 4124 Scriptura
1009 4057 1113 4120 saepe
1135 4040 1283 4103 nominat
1305 4058 1380 4102 eum
1402 4040 1519 4103 docto·

537 4151 640 4201 rem.¹
664 4126 774 4193 Habet
800 4123 866 4191 alia
893 4121 1005 4191 cilicia
1032 4123 1175 4206 maiora,
1204 4143 1292 4210 quae
1312 4135 1391 4190 sunt
1411 4124 1518 4209 ipsius

536 4216 682 4302 propria.
727 4212 789 4277 Est
806 4223 915 4277 autem
938 4223 972 4276 ει
994 4209 1060 4275 hoc
1081 4208 1114 4272 in
1137 4229 1177 4273 eo
1200 4207 1369 4294 peculiare
1390 4221 1424 4274 et
1443 4232 1519 4297 pro·

536 4303 661 4386 prium,
690 4299 780 4385 quod
807 4298 892 4363 haec
921 4295 999 4362 sola
1023 4314 1170 4380 persona
1197 4307 1250 4361 est
1276 4293 1370 4376 talis,
1395 4299 1430 4362 in
1452 4317 1520 4384 qua

537 4382 692 4464 mirabili,
711 4404 846 4460 arcano,
865 4378 1076 4449 inenarrabili
1092 4378 1230 4446 foedere
1244 4378 1424 4466 copulatae
1441 4394 1521 4449 sunt

538 4474 651 4539 divina
673 4483 707 4535 ει
728 4469 872 4536 humana
895 4481 1023 4534 natura.
1067 4467 1145 4552 lpse
1166 4479 1220 4533 est
1234 4466 1339 4535 Filius
1355 4468 1420 4533 Dei
1441 4471 1521 4534 sub·
1608 4522 1612 4527 .
1658 4437 1842 4590 P⁰Slgl¹³ffss
1873 4440 1939 4506 lim
1973 4441 2102 4546 audiui·
2119 4452 2171 4505 est
2203 4435 2394 4561 ⁰0¹¹f0⁸sl0=
2427 4438 2474 4504 lbi
2502 4458 2553 4504 re·

537 4554 724 4636 stantialis,
749 4555 906 4638 ὁμοούσιος
928 4554 1036 4624 Patri,
1063 4566 1161 4620 natus
1183 4557 1225 4621 de
1247 4555 1437 4622 substantia
1457 4553 1522 4621 Pa·
1572 4526 1718 4611 8Ρθῃᾱθῑ
1766 4525 1920 4606 'hsssmsa
1950 4537 1983 4590 θῑ
2005 4527 2118 4592 ⁰⁰¹¹<l¹l
2146 4523 2346 4592 Ecclesiam·
2375 4523 2499 4591 ΒΜ*
2521 4545 2580 4587 ⁶⁸-

537 4646 616 4725 cis,
638 4656 671 4710 et
691 4642 875 4726 assumpsit
896 4643 1061 4728 integram
1081 4639 1260 4707 humanam
1281 4655 1447 4722 naturam,
1473 4642 1522 4707 ita
1571 4611 1679 4674 Simon
1701 4610 1886 4674 Bor-Iona.
1932 4612 2053 4718 dimon,
2078 4624 2130 4678 est
2152 4613 2298 4688 auditor;
2325 4610 2416 4684 Bar,
2444 4607 2554 4717 iilius}

536 4744 574 4798 ut
596 4732 641 4797 ,ἢ
662 4751 730 4795 um,
750 4749 913 4815 persona,
934 4728 1031 4795 De„
1054 4738 1088 4791 οἱ
1109 4725 1221 4792 homo,
1571 4698 1670 4767 lona,
1700 4695 1873 4778 columba,
1903 4697 1993 4763 filius
2023 4695 2215 4764 columbae:
2241 4709 2362 4782 postca
2390 4706 2497 4763 mutat
2523 4718 2555 4762 et

623 4816 687 4882 llic
709 4816 837 4881 debetis
860 4828 1014 4901 repetere
1028 4832 1239 4880 communem
1261 4814 1446 4880 doctrinam
1458 4811 1521 4880 (la-
1571 4803 1693 4908 mmm}
1726 4794 1879 4888 imples,
1895 4783 2060 4890 ⁰ffi⁰l¹¹¹3¹²
2105 4784 2150 4848 ἢ
2183 4805 2217 4846 ⁶⁸
2247 4783 2381 4902 Pd'lf't
2410 4783 2454 4890 ‚ld
2486 4796 2550 4889 959

537 4899 691 4969 techismi
712 4905 754 4968 de
776 4903 930 4988 personis
953 4900 1152 4967 Divinitatis.
1571 4890 1689 4975 fulli?
1724 4870 1775 4935 Ἧι
1803 4891 1841 4935 ⁰⁸
1870 4867 1944 4949 ¹¹¹⁰¹
1973 4892 2030 4956 ‘1¹¹¹
2057 4884 2226 4977 tamquam
2248 4892 2350 4957 ΠΙΡΘδ
2372 4881 2436 4936 ‘³¹'st
2458 4890 2554 4936 Μ·

626 4989 712 5061 Quid
734 4997 781 5051 est
797 4991 961 5070 pesona?
1003 4986 1067 5052 Est
1088 4987 1278 5075 subsistens
1300 4987 1413 5052 vivum
1434 4984 1520 5052 indi·
1571 4968 1683 5035 ’Μ’
1705 4957 1752 5022 ”d
1773 4959 1990 5056 ⁰¹lm⁰¹ld⁸m
2012 4953 2212 5025 &dmm

537 5077 687 5154 viduum,
718 5073 928 5163 intelligens,
959 5070 1279 5140 incommunicabile.
1330 5071 1427 5134 Estne
1453 5093 1520 5134 coe

532 5183 597 5244 pur
624 5169 708 5222 traca
734 5162 894 5241 pesona?
936 5161 1029 5227 Non:
1062 5160 1124 5225 sed
1152 5170 1187 5226 tu
1217 5179 1255 5225 es
1278 5178 1441 5242 persona,
1464 5160 1519 5244 qui

538 5259 677 5313 constas
700 5268 742 5312 ex
759 5250 868 5313 anima
886 5259 919 5313 et
938 5267 1091 5335 corpere.
1126 5244 1268 5321 Quando
1285 5247 1395 5312 anima
1412 5246 1520 5311 disce·
1571 5253 1683 5358 Quid
1713 5254 1913 5368 significat
1943 5257 2190 5339 vocabulum
2220 5254 2398 5339 Ecclesia
2452 5254 2555 5337 item

538 5335 586 5399 dit
607 5355 628 5398 a
651 5352 805 5417 corpore,
828 5347 972 5400 nonest
994 5354 1151 5421 persona,
1173 5353 1283 5421 neque
1300 5333 1411 5398 anima
1432 5328 1519 5412 sola,
2406 5316 2416 5359 ’

536 5439 646 5506 neque
670 5440 808 5502 corpus:
839 5419 901 5485 sed
929 5423 1064 5506 quando
1090 5421 1148 5485 liet
1170 5421 1334 5486 restitutio
1353 5421 1518 5504 corporis,
1933 5405 2182 5522 Synagoga‘}

537 5506 763 5592 etcopulatio
791 5507 922 5572 animae
949 5519 983 5573 et
1005 5508 1177 5591 corporis,
1205 5519 1286 5574 tunc
1315 5525 1434 5572 rursus
1456 5506 1520 5572 erit

535 5612 692 5677 persona.
736 5589 829 5660 Talis
853 5603 908 5658 est
936 5591 1107 5680 copulatio
1133 5605 1273 5661 naturae
1299 5593 1463 5659 humanae
1484 5593 1519 5658 in
1657 5591 1811 5660 Ecclesia
1834 5604 1888 5660 est
1909 5594 2062 5659 ordinata
2092 5592 2326 5680 congregatio,
2354 5595 2406 5654 eia
2427 5592 2557 5655 ardent·

1614 4082 1687 4166 De
1718 4083 1877 4168 altera
1907 4086 2220 4196 quaestione,
2251 4086 2515 4193 videlicet,

1898 4239 1958 4322 de
1989 4240 2222 4324 Ecclesia.
