5934 6709
472 664 539 743 ut
1112 658 1225 729 Plilh.
1245 658 1353 729 MEL-
1373 658 1563 731 scltwt'a
1583 657 1850 729 mustiole.
2429 655 2500 725 etti

561 856 717 934 antipa
745 860 799 918 est
828 849 967 916 morbus
994 848 1172 936 plurimum
1193 850 1396 931 vorantium,
1423 862 1459 917 et
1507 847 1569 915 iuit
1594 847 1726 916 David!
1759 858 1917 936 quantam
1947 848 2161 915 mutationem
2194 845 2290 934 regni
2324 841 2495 912 adulterio

474 951 587 1007 tamen
625 938 762 1005 assidua
804 936 1035 1016 esurientium,
1092 939 1333 1019 Woiffsdturper.
1399 934 1458 1003 Sic
1509 935 1659 1001 exitavit!
1703 933 1738 999 ln
1762 954 1892 1001 ornnem
1911 932 1997 999 enim
2025 932 2255 999 aeternitatem
2276 942 2390 998 manet
2412 951 2496 998 vera

475 1025 575 1093 etiarn
595 1025 660 1089 ium
682 1034 762 1089 sunt
781 1023 954 1108 regimina.
993 1021 1170 1109 Exaugunt
1190 1042 1291 1111 reges
1313 1034 1348 1088 et
1369 1025 1458 1109 prin·
1508 1021 1648 1109 regula:
1690 1022 1894 1087 Scortatme
1931 1029 1966 1086 et
1994 1022 2160 1087 adulteros
2195 1021 2351 1086 dedicabit
2383 1016 2491 1085 Desa.

475 1112 570 1197 elpes
604 1109 761 1175 sudorem
790 1119 824 1174 et
846 1108 1043 1194 sanguinem
1070 1111 1212 1175 miserae
1233 1104 1340 1194 piebis
1352 1154 1363 1189 ,
1396 1110 1458 1175 dar
1507 1110 1583 1175 Atro
1604 1127 1664 1189 rap
1686 1110 1749 1185 ted,
1776 1111 1839 1172 anit
1866 1109 1917 1172 ihr
1945 1109 2050 1172 moon
2076 1106 2260 1172 micheae
2282 1124 2365 1170 vero
2388 1100 2494 1184 fonte,

474 1201 538 1264 tool
566 1216 608 1262 stt
639 1198 813 1262 ardurmen
840 1200 904 1277 tet,
935 1196 1002 1261 ond
1031 1198 1120 1277 otim
1148 1202 1197 1262 aie
1229 1197 1311 1262 doch
1342 1198 1458 1262 tamin·
1509 1204 1542 1259 et
1564 1193 1831 1281 quandocunque
1852 1190 1984 1257 habetis
2014 1192 2047 1256 in
2069 1189 2267 1277 Scripturls:
2300 1189 2402 1258 Dtatt
2428 1194 2492 1257 Do·

475 1281 535 1350 Sic
556 1281 779 1348 consideretis
801 1299 993 1347 communes
1015 1281 1167 1347 miserias
1193 1281 1228 1346 in
1255 1282 1338 1355 vita3
1371 1279 1457 1347 haec
1507 1284 1627 1359 motus,
1650 1289 1719 1345 tutu
1741 1288 1941 1345 mementote
1954 1274 2000 1343 ali
2024 1276 2143 1343 uidsin
2204 1295 2266 1342 are
2287 1275 2364 1342 dici.
2399 1274 2494 1343 Haec

475 1368 564 1435 enim
585 1365 808 1432 consideratio
831 1378 885 1431 est
905 1366 1005 1519 diffie
1022 1365 1212 1433 hominibus·
1234 1367 1383 1433 eruditis.
1508 1362 1563 1430 lex
1582 1363 1624 1431 dc
1645 1364 1801 1452 coniugio
1832 1376 1886 1430 est
1913 1298 2023 1429 11111

992 1465 1005 1516 ι

2022 1384 2044 1428 n
2128 1363 2242 1443 aiso,
2274 1361 2388 1427 statim
2417 1382 2495 1431 oum

564 1449 719 1519 Christus
746 1447 904 1518 fortassis
1043 1464 1208 1538 cognatus
1241 1473 1368 1538 sponso
1400 1449 1458 1520 vel
1507 1463 1628 1516 natura
1647 1450 1757 1516 adhuc
1775 1465 1847 1516 erat
1867 1449 2007 1537 integra
2078 1468 2193 1515 ossem
2214 1444 2318 1515 multa
2338 1444 2494 1536 mampla

475 1557 635 1627 sponsae,
656 1539 746 1625 quod
767 1551 906 1624 apparet
937 1539 1033 1618 iude,
1066 1539 1144 1625 quia
1163 1536 1271 1604 blavia
1298 1541 1402 1605 servit
1423 1539 1457 1604 in
1508 1537 1659 1619 recitem,
1687 1535 1744 1604 ubi
1777 1533 1874 1602 Deua
1900 1536 2067 1623 puniverit
2093 1546 2299 1601 scortatores
2336 1544 2372 1601 et
2397 1528 2492 1602 adul·

476 1625 590 1712 operis
607 1621 792 1705 salinariis,
825 1630 875 1691 rie
905 1626 993 1707 stifft
1023 1632 1058 1691 tu
1089 1628 1152 1691 det·
1177 1627 1268 1691 littei
1299 1630 1458 1709 miinor-
1507 1633 1608 1689 teros.

475 1713 591 1783 seim,
636 1730 742 1796 quare
783 1711 883 1776 etiarn
926 1731 1069 1796 aequum
1108 1707 1169 1775 fuit
1214 1710 1296 1774 dare
1338 1729 1458 1777 munus
1595 1706 1669 1774 sun
1686 1704 1838 1772 Marehio
1859 1704 2027 1773 Badensis
2056 1702 2192 1773 Elector
2212 1704 2417 1785 Treviricus,
2435 1704 2492 1793 qvi

475 1796 629 1880 raptibus.
1507 1795 1540 1860 in
1582 1805 1750 1860 conventu
1787 1792 1985 1880 Augustano
2018 1792 2227 1860 anno-1505
2266 1792 2493 1878 respondebat

562 1879 687 1948 Dicunt
708 1902 808 1946 unam
828 1882 946 1948 harum
967 1879 1202 1966 amphorarum
1223 1900 1302 1947 esse
1318 1879 1457 1968 Magde·
1507 1877 1631 1970 legatis
1658 1877 1836 1966 pontificiis
1863 1876 1986 1959 latine,
2019 1875 2149 1965 gallicis
2202 1874 2320 1959 allice,
2348 1879 2491 1944 statibus

475 1966 594 2072 burpi,
626 1971 667 2034 de
687 1971 793 2034 ateias
818 1974 863 2034 int
889 1971 978 2034 thtcn
1006 1969 1124 2034 imm
1144 1969 1215 2033 dea
1235 1966 1339 2034 boden
1360 1972 1457 2051 uuor,
1509 1966 1709 2054 germanicis
1733 1964 1942 2055 germanion
1969 1961 2028 2031 ille
2057 1978 2130 2031 eret
2150 1900 2329 2032 aimodum
2352 1964 2492 2031 inconti-

475 2066 511 2121 et
547 2064 625 2118 rtem
664 2075 763 2119 unam
795 2052 1028 2140 Bambergae3
1070 2073 1135 2139 ego
1167 2065 1340 2138 utramque
1378 2054 1456 2121 vidi.
1508 2072 1606 2133 nens,
1639 2062 1673 2117 et
1702 2062 1757 2118 est
1785 2046 1981 2117 interiectus
2008 2071 2031 2116 a
2052 2062 2169 2118 sutore
2192 2070 2234 2119 avt
2258 2052 2492 2135 Confbmu

475 2142 524 2208 Er
543 2159 603 2222 acy
629 2159 676 2204 att
695 2142 776 2206 oder
803 2159 862 2222 ray
890 2143 994 2222 nicht,
1025 2141 1091 2206 dua
1117 2141 1320 2221 mianum
1352 2143 1458 2222 hune
1509 2159 1576 2225 quo
1605 2136 1835 2223 deprehensus
1865 2149 1937 2202 arat
1964 2138 1998 2201 in
2021 2132 2184 2204 adulterio
2212 2136 2370 2223 coniugis
2399 2154 2490 2203 suae.

475 2232 575 2308 erun,
596 2227 641 2290 do
660 2230 739 2306 ltopt
756 2229 845 2291 nicht
862 2245 960 2306 prosa
975 2246 1029 2301 aa,
1057 2232 1116 2292 mit
1132 2228 1194 2292 der
1215 2245 1287 2293 m
1308 2228 1457 2293 hotmen
1508 2224 1589 2290 ltenr
1620 2225 1698 2289 novi
1726 2224 1877 2288 comitem
1910 2223 2213 2312 ingeniosissimum
2241 2224 2351 2288 virum
2383 2221 2489 2288 Ludo

475 2307 775 2392 ministerus
819 2310 855 2375 ln
883 2309 1035 2397 physicis
1056 2309 1123 2375 dici
1145 2307 1249 2378 solet:
1277 2314 1366 2378 tint
1385 2313 1456 2391 atis,
1509 2310 1619 2376 vicum
1647 2309 1689 2375 de
1716 2307 1940 2388 Lovenstein,
1974 2321 2106 2397 gratam
2134 2306 2375 2375 blaxinriliano·
2431 2304 2490 2374 ille

474 2403 543 2464 utet
573 2398 660 2479 quod
689 2405 742 2463 est
759 2399 904 2463 miton.
960 2396 1018 2462 Sic
1049 2409 1167 2464 nostre
1199 2417 1288 2484 aqua
1318 2394 1456 2463 fontana
1509 2398 1608 2462 etiarn
1630 2392 1718 2461 male
1741 2396 1881 2481 regebat
1907 2415 2031 2475 mores,
2059 2398 2191 2462 tandem
2221 2408 2276 2477 est
2293 2391 2489 2462 interiectas

474 2481 576 2548 habet
597 2483 787 2550 mixturam
808 2483 909 2569 igitur
930 2484 1028 2549 etism
1049 2480 1127 2557 alit;
1149 2483 1179 2549 si
1201 2483 1288 2548 enim
1309 2503 1376 2548 non
1398 2484 1456 2550 ha·
1507 2503 1528 2548 a
1549 2501 1612 2548 suo
1635 2482 1815 2559 scrinario,
1845 2501 1945 2566 quera
1977 2479 2196 2568 ablegaverat
2218 2482 2432 2566 deportatum
2451 2475 2489 2543 li·
2514 2524 2517 2529 -

474 2571 570 2636 beret
609 2568 796 2651 mixturam,
840 2583 907 2635 tum
947 2590 1015 2636 non
1053 2567 1191 2634 haberet
1234 2565 1455 2634 dulcedinem.
1507 2581 1614 2648 teras3
1637 2569 1699 2633 sed
1721 2564 1780 2634 ille
1806 2568 1954 2633 sentiens
1981 2564 2094 2633 dolum
2121 2567 2301 2634 abscondit
2321 2587 2363 2632 se
2384 2568 2418 2633 in
2437 2585 2490 2631 ae·

474 2653 597 2718 Vinum
630 2666 741 2721 autem
773 2651 892 2720 melius
922 2656 1025 2721 nutrit
1058 2676 1158 2741 quam
1180 2674 1286 2740 aqua,
1320 2668 1354 2720 et
1388 2676 1455 2742 quo
1508 2655 1618 2732 dibus,
1640 2665 1762 2739 postea
1785 2673 1861 2718 oum
1883 2650 1940 2719 illa
1963 2655 2144 2720 accederet
2165 2673 2304 2720 uxorem
2327 2652 2488 2732 scrinarii,

474 2752 528 2807 est
550 2739 693 2824 plenius,
715 2758 756 2804 eo
778 2741 885 2826 magis
908 2752 962 2805 est
982 2742 1026 2806 ad
1043 2741 1253 2807 nutritionem
1267 2761 1455 2806 accommo-
1506 2736 1703 2805 interfectus
1725 2751 1814 2804 esta
1836 2739 2009 2805 scrinario.
2473 2749 2476 2753 ’

475 2826 596 2891 datius.
640 2823 728 2890 Hinc
749 2825 848 2890 etiam
869 2823 974 2893 Solon
995 2827 1062 2892 lum
1082 2844 1187 2891 senex
1210 2826 1292 2890 dixit
1313 2845 1352 2890 se
1374 2828 1455 2892 dna·
1594 2824 1727 2891 Accidit
1742 2837 1778 2890 et
1798 2822 1929 2891 Ulmus.
1973 2827 2023 2892 Ibi
2044 2822 2104 2892 tuit
2122 2824 2224 2892 horno
2246 2823 2411 2892 honestus
2431 2823 2489 2890 ha·

474 2912 540 2977 bus
567 2911 669 2977 rebus
697 2911 906 2997 potissimum
938 2909 1116 2992 delectari,
1151 2912 1230 2978 vino
1265 2908 1393 2978 scilicet
1422 2923 1455 2977 et
1508 2914 1593 2979 bens
1623 2912 1800 2999 coniugem
1833 2908 1921 2977 male
1957 2923 2122 2979 moratam
2149 2924 2184 2977 et
2205 2908 2414 2991 adulteram,
2448 2912 2490 2976 da

474 2997 647 3065 dleccndo.
1082 3073 1084 3077 ¹
1509 3019 1575 3084 qna
1607 3017 1710 3082 saepe
1742 3009 1947 3084 conquestus
1987 3009 2059 3064 erat
2102 2998 2192 3084 apud
2223 2999 2373 3072 vicinost
2411 3018 2489 3062 cunr

564 3085 751 3150 munuca
782 3094 959 3170 utrumque
991 3080 1174 3171 significat,
1207 3102 1357 3150 mensam
1380 3103 1455 3150 cum
1508 3095 1619 3150 autem
1632 3083 1811 3150 videretse
1832 3104 1900 3149 non
1921 3084 2055 3170 respici,
2077 3097 2111 3150 et
2132 3105 2213 3151 suas
2250 3079 2398 3150 uaarelas
2414 3101 2488 3147 nou

473 3169 582 3236 tribus
615 3166 712 3235 lectis
747 3188 810 3236 seu
841 3170 949 3235 tribus
970 3171 1134 3250 scamnis,
1167 3181 1201 3236 et
1221 3182 1341 3256 postea
1362 3170 1454 3236 habi·
1508 3170 1669 3249 exaudiri,
1696 3168 1874 3236 simulabat
1901 3188 1940 3235 se
1960 3171 2011 3236 ire
2030 3167 2240 3238 Franeoi'ord
2331 3168 2375 3234 ad
2393 3188 2487 3234 muu-

473 3254 620 3323 taculum
653 3250 744 3320 illius
776 3275 932 3336 mensae,
974 3259 1028 3322 dte
1058 3259 1173 3323 studeo
1204 3258 1283 3324 oder
1310 3260 1453 3339 penam,
1508 3257 1614 3339 dinus,
1636 3266 1670 3321 et
1690 3275 1851 3342 egressus
1873 3256 1972 3322 domo
2002 3258 2099 3324 statis
2127 3276 2288 3324 reversus
2318 3267 2372 3322 est
2401 3251 2489 3320 clam

473 3344 574 3409 dordr
595 3343 656 3407 der
676 3344 758 3407 ttscd
779 3345 890 3408 stedet.
934 3339 1075 3427 Oportet
1095 3353 1207 3408 nutem
1235 3342 1455 3422 considerari,
1507 3362 1547 3408 se
1567 3343 1782 3409 abscondens
1803 3343 1838 3407 in
1861 3341 1961 3409 domo
1982 3343 2046 3410 snb
2074 3342 2187 3410 scalis.
2231 3341 2379 3428 Vesperi
2399 3341 2489 3407 venit

472 3429 531 3494 ubi
552 3446 702 3493 mensem
724 3440 758 3491 et
778 3429 837 3494 ubi
856 3427 1080 3495 babitaculum
1101 3426 1277 3515 significat.
1311 3427 1454 3495 Veteres
1505 3427 1668 3496 moechus
1690 3430 1832 3495 credens
1855 3429 2003 3496 meritum
2032 3448 2110 3497 esse
2131 3425 2406 3506 Francoi'ordise,
2431 3446 2486 3491 ac·

473 3515 673 3580 emovebant
694 3533 830 3578 mansas
851 3525 930 3601 post
952 3511 1078 3601 epulas.
1112 3516 1168 3581 Sic
1187 3517 1296 3582 boden
1316 3534 1353 3581 es
1367 3518 1457 3582 niem
1506 3515 1632 3582 cedens
1653 3535 1804 3594 uxorem,
1825 3535 1924 3602 quae,
1942 3527 2022 3620 post
2046 3537 2122 3582 uam
2143 3512 2330 3583 lautissime
2351 3534 2428 3580 curn
2448 3531 2487 3578 eo

473 3620 511 3668 so
532 3607 661 3686 rastede
677 3602 829 3685 penaten
849 3605 901 3668 ott
919 3603 988 3667 eir.
1039 3605 1089 3667 Im
1114 3603 1195 3668 lond
1212 3623 1252 3667 zu
1271 3604 1397 3668 IIearen
1416 3621 1455 3668 ao
1505 3602 1652 3681 vixerat,
1688 3600 1822 3667 abducit
1844 3619 1919 3667 eum
1941 3621 1975 3667 ru
1997 3624 2040 3669 cu
2064 3598 2204 3678 iculmn3
2235 3601 2325 3667 haee
2352 3599 2486 3667 maritus

473 3706 550 3754 mort
571 3693 607 3753 io
638 3686 693 3752 die
712 3688 826 3753 studea
843 3690 950 3770 pedet,
983 3707 1020 3755 ao
1050 3690 1154 3756 stede!
1183 3706 1261 3754 mon
1287 3690 1352 3754 den
1371 3690 1454 3755 tired
1505 3688 1646 3754 audiens
1684 3699 1832 3754 armatus
1873 3683 2011 3755 festinat
2051 3691 2096 3754 ad
2137 3684 2330 3755 cubiculum
2367 3686 2486 3753 uxoris

472 3792 512 3840 ro
532 3777 585 3840 ool
602 3774 747 3852 nienet,
770 3793 866 3840 veno
886 3794 962 3841 naon
983 3780 1038 3842 eto
1053 3778 1183 3841 surkes
1204 3775 1300 3841 dein
1321 3777 1455 3853 reciet,
1506 3771 1591 3840 Gom
1611 3774 1762 3840 audisset
1784 3794 1870 3839 uxor·
1891 3772 2035 3862 aliquem
2064 3772 2250 3839 ascendere
2283 3794 2349 3859 per
2376 3769 2484 3839 scalas

473 3876 510 3924 eo
536 3858 640 3924 michi
658 3878 696 3922 er
717 3862 778 3924 tool
796 3861 938 3926 mnan
963 3864 1108 3943 steckea,
1140 3865 1209 3926 oleo
1237 3867 1365 3946 carietto
1390 3864 1457 3926 ledi
1505 3861 1549 3925 ad
1573 3857 1771 3939 cubiculum,
1794 3862 1940 3927 accurrit
1967 3861 2010 3925 ad
2039 3860 2172 3927 ianuam
2201 3860 2344 3945 cupiens
2367 3877 2484 3946 eogno-

472 3963 550 4011 mon
571 3964 617 4010 ec.
676 3945 862 4010 minam
889 3945 990 4011 habet
1021 3964 1142 4011 nomen
1165 3967 1186 4011 a
1207 3954 1302 4030 τρεῖς,
1330 3947 1363 4011 id
1387 3957 1452 4023 est,
1506 3963 1616 4023 scere,
1639 3945 1713 4031 quis
1736 3956 1827 4010 esset
1847 3946 1965 4027 (oredo
1992 3942 2063 4012 fato
2092 3947 2229 4017 divino).
2278 3943 2366 4012 Tum
2394 3945 2485 4010 mati·

473 4041 562 4110 tres,
598 4041 631 4094 et
658 4032 761 4111 κλίνη,
795 4030 919 4110 idest,
953 4028 1084 4097 lectica.
1134 4033 1190 4097 Sto
1208 4033 1307 4117 rebtd
1320 4034 1454 4115 pelopea
1505 4041 1559 4096 tus
1581 4044 1698 4115 aperta
1723 4032 1823 4097 ianua
1844 4033 2007 4118 prorupit,
2034 4052 2076 4098 ac
2104 4032 2215 4098 statim
2243 4029 2484 4181 apprehensam

472 4119 540 4183 oud
558 4119 648 4182 nicht
660 4134 828 4198 peterten,
849 4125 1000 4184 mennrte
1017 4136 1136 4201 parcen
1144 4119 1257 4200 babeo,
1279 4120 1344 4183 oud
1359 4118 1456 4182 setnd
1504 4134 1643 4183 uxorem
1666 4113 1779 4203 gladio
1801 4114 1985 4195 interiecit;
2007 4130 2041 4184 et
2062 4128 2182 4205 postea
2194 4137 2267 4184 mar
2280 4130 2338 4184 tus
2360 4128 2412 4183 est
2430 4116 2484 4180 ab-

472 4205 527 4269 t'ltr
547 4205 631 4285 drea
657 4202 734 4269 oder
759 4206 909 4270 ttsltclten
931 4206 1014 4270 used
1031 4224 1187 4289 passaran
1213 4208 1289 4286 ottff
1308 4206 1454 4270 macter
1477 4278 1482 4291 ,
1505 4198 1634 4270 solutus
1656 4204 1833 4289 parricidii.

472 4295 576 4354 rdten
593 4296 696 4368 einer,
717 4308 800 4355 omre
817 4292 896 4358 oder
915 4294 1041 4357 keiner.
1476 4295 1482 4405 Ι
1591 4292 1688 4355 Dicit
1707 4293 1871 4374 dontinus,
1894 4291 1927 4355 id
1950 4301 2012 4370 est,
2036 4291 2187 4356 mirando
2202 4287 2347 4356 consilio
2361 4291 2414 4354 sio
2433 4304 2486 4354 vo

561 4371 624 4438 Est
644 4376 678 4438 in
699 4371 764 4438 hac
785 4373 923 4441 historia
944 4378 1100 4443 usitatuni
1128 4375 1241 4441 dicere
1268 4375 1310 4441 de
1331 4375 1453 4460 nuptiis
1504 4372 1566 4442 luit
1587 4374 1744 4442 ordinare
1771 4377 1946 4443 humanam
1968 4386 2137 4457 naturam,
2166 4387 2201 4442 ot
2224 4377 2268 4441 sit
2301 4373 2485 4441 coniunctio

473 4470 508 4525 et
539 4459 581 4525 de
616 4461 782 4545 coniugio.
845 4460 1118 4549 Quandocunque
1160 4481 1239 4527 vero
1276 4458 1375 4526 vultis
1410 4461 1453 4527 de
1504 4461 1606 4528 meris
1629 4472 1662 4526 et
1683 4460 1858 4528 foeminae.

472 4543 532 4610 illo
562 4547 693 4625 dicere,
728 4559 857 4629 oportet
889 4569 952 4613 vos
982 4549 1082 4614 ordiri
1103 4569 1124 4612 a
1147 4548 1237 4614 dicto
1261 4545 1453 4612 Geneseos=
1591 4545 1769 4620 Quaeritur
1789 4568 1896 4615 nunc:

473 4631 572 4699 Dicit
592 4631 771 4698 Bortinae:
798 4638 870 4701 Non
891 4647 941 4702 eat
966 4638 1080 4701 donum
1096 4638 1219 4700 homini
1246 4653 1319 4700 esre
1339 4635 1453 4699 solum

561 4718 1045 4788 Ordimurreeteevocabnlo:
1067 4724 1161 4786 Ducit
1171 4720 1342 4786 Dominae.
1364 4718 1454 4785 idem
1576 4778 1585 4795 ,
2419 4778 2428 4794 ,
2460 4777 2468 4794 ,

472 4803 570 4870 neus
592 4807 750 4873 immensa
774 4809 935 4892 sapienta
959 4809 1127 4873 necatum
1149 4803 1244 4884 recti,
1276 4816 1311 4869 et
1340 4806 1373 4870 tt
1395 4824 1456 4891 μ.
1506 4774 1664 4879 Quibus
1715 4777 1902 4882 conatis,
1962 4806 2085 4889 quare
2135 4779 2249 4862 Deus
2307 4777 2488 4862 condidit

472 4895 544 4956 neri
569 4891 714 4958 humano
741 4893 909 4978 patefecit,
940 4888 1179 4981 promulgavit,
1204 4903 1237 4957 et
1263 4892 1390 4972 sanxit,
1416 4890 1455 4956 ut'
1504 4898 1607 4981 duas
1651 4926 1842 5009 personas
1890 4912 1932 4982 et
1968 4929 2051 4982 non
2088 4898 2255 5011 plures?
2302 4913 2378 4981 aut
2421 4928 2488 4980 (rur

472 4983 515 5042 sit
539 4990 646 5043 ratum
668 4992 701 5043 et
730 4982 917 5058 immotum,
939 4981 1032 5067 quod
1058 4980 1101 5044 sit
1134 4978 1324 5043 coniunctio
1352 4978 1452 5042 maris

473 5076 508 5129 et
529 5061 695 5130 foeminae
727 5064 823 5145 talis,
856 5062 1001 5132 scilicct=
1034 5068 1142 5133 nnn
1165 5067 1230 5130 dato
1252 5071 1287 5130 tn
1320 5083 1453 5130 comem
1503 5046 1585 5100 non
1623 5020 1759 5129 ΡΟἙῘῙῙ8
1796 5019 1924 5101 vomit
1961 5048 2016 5102 ex
2051 5048 2133 5104 una
2171 5019 2255 5102 ⁸⁰1⁸
2286 5019 2486 5130 ΡΓΟοῩθῖὶ1ιί

472 5169 584 5228 marn,
614 5152 647 5215 id
670 5164 739 5229 est,
773 5151 1042 5237 inseparabiliter
1062 5153 1174 5219 iuncti
1218 5147 1349 5214 Ethnici
1370 5146 1452 5214 nihil
1791 5168 1920 5250 genus
1951 5138 2202 5224 humanum?

472 5248 616 5321 possunt
646 5238 688 5302 de
715 5238 838 5307 haere
861 5241 991 5319 dicere,
1019 5258 1125 5324 querc
1150 5238 1235 5302 inter
1264 5256 1324 5301 eos
1352 5235 1453 5302 etiarn
2249 5284 2254 5293 .

473 5333 567 5387 ortae
599 5333 678 5384 sunt
710 5322 834 5391 multae
865 5342 898 5390 et
930 5325 1119 5391 horrendae
1150 5321 1322 5403 libidines,
1365 5342 1453 5408 quae
1590 5319 1804 5406 Respondes.
1848 5322 1927 5389 ldeo
1955 5337 2035 5388 sunt
2065 5322 2157 5388 initio
2187 5322 2252 5388 duo
2287 5324 2428 5404 conditi,
2454 5336 2485 5390 ut

471 5420 594 5494 posteo
616 5404 714 5473 valde
736 5412 868 5493 punitae
895 5425 983 5477 sunt.
1038 5410 1185 5477 Sodoma
1216 5410 1303 5476 enim
1329 5421 1363 5474 et
1386 5404 1452 5472 Go
1504 5421 1595 5474 esset
1616 5404 1791 5485 Ecclesia;
1812 5406 1940 5495 placuit
1969 5409 2055 5475 eninr
2078 5412 2108 5475 ei
2127 5410 2162 5473 in
2183 5408 2349 5476 societate
2372 5408 2484 5477 Eeele

471 5514 601 5574 morra,
638 5491 715 5559 item
748 5493 884 5562 Thebae
921 5508 955 5562 et
990 5496 1077 5563 aliae
1113 5498 1263 5585 insignes
1301 5495 1452 5561 civitates
1504 5496 1575 5561 siae
1608 5492 1770 5561 celebrari
1800 5508 1833 5561 et
1863 5496 1996 5561 adorari
2026 5516 2077 5562 se.
2127 5499 2183 5562 lod
2214 5498 2284 5561 kun
2315 5505 2373 5562 tiu
2402 5499 2486 5562 nicht

471 5578 596 5647 multae
628 5581 798 5666 perierunt
829 5594 967 5667 propter
994 5580 1159 5650 libidines.
1216 5582 1367 5656 Quantus
1401 5582 1453 5648 vir
1503 5583 1594 5671 ημῶν
1608 5584 1720 5648 aaron
1740 5603 1863 5665 rapam
1895 5582 1929 5647 in
1956 5580 2067 5649 fotura
2094 5583 2162 5647 vita
2189 5581 2275 5648 hoec
2303 5580 2483 5666 perfectius
