5934 6709
491 739 558 808 aaa
1035 722 1041 729 '
1186 738 1405 806 eosruuu
1426 694 1825 809 unuuuruounun.
2190 778 2194 785 -
2440 744 2507 811 rao

492 941 559 995 tam
583 927 778 1015 collapsam.
835 930 936 995 Pater
958 950 1060 995 senex
1090 931 1256 1014 equitabat
1289 931 1321 993 iu
1352 928 1501 1045 baculo!
1611 933 1678 997 lata
1701 931 1923 998 materhabet
1947 935 2113 1019 ingentem
2137 930 2307 1013 dolorem,
2340 946 2374 998 et
2400 933 2506 999 Filius

493 1037 567 1081 cum
591 1015 671 1096 lilio,
695 1018 839 1081 docebat
861 1015 998 1082 filiolum
1022 1019 1170 1102 equitare
1192 1016 1225 1079 in
1248 1014 1380 1081 haculo.
1415 1013 1473 1081 llle
1497 1076 1500 1089 ,
1526 1017 1588 1082 Dei
1622 1032 1773 1085 movetur
1807 1021 2028 1106 magnitudine
2062 1016 2188 1084 doloris
2217 1022 2249 1084 in
2272 1032 2385 1086 nratre.
2436 1019 2507 1085 Wte

491 1104 592 1189 igitur
615 1124 689 1168 cum
723 1104 832 1166 subito
868 1104 1095 1181 interveniret,
1130 1104 1255 1180 Quaeso
1288 1115 1337 1181 te,
1370 1103 1474 1188 inquit
1497 1098 1500 1189 Ι
1525 1104 1583 1170 der
1610 1105 1688 1169 Tect
1709 1114 1792 1187 sapt,
1814 1111 2054 1190 ἐσπλαγχνίσθη.

492 1187 694 1295 Agesilaus,
724 1197 847 1253 neruine·
878 1194 983 1271 dicor,
1016 1193 1117 1254 donec
1140 1198 1175 1253 ta
1197 1197 1293 1255 ettam
1320 1191 1474 1254 domueris
1496 1199 1500 1241 Ι

491 1278 595 1357 filans:
617 1276 811 1360 significans:
836 1273 928 1340 illum
950 1274 1117 1353 affectum,
1140 1278 1195 1358 qui
1216 1288 1268 1339 est
1285 1277 1316 1338 iu
1335 1290 1474 1359 parente
1497 1294 1500 1353 t

493 1381 576 1448 erga
598 1381 693 1439 suos,
716 1382 782 1424 non
804 1358 991 1426 transfundi
1014 1362 1047 1426 in
1069 1356 1166 1438 alios,
1188 1363 1247 1425 sed
1261 1381 1338 1425 esse
1354 1376 1472 1445 postea
1498 1366 1500 1427 ἶ

491 1448 524 1512 in
547 1447 621 1513 aliis
644 1449 742 1511 etiam
765 1446 905 1512 allectus
929 1445 1054 1512 similes
1078 1467 1159 1530 erga
1182 1467 1275 1512 suos.
1497 1474 1500 1504 ;
1665 1439 1783 1522 Unde
1815 1440 1968 1523 sactum
2000 1455 2063 1523 est
2093 1441 2365 1524 vocabulum?

579 1532 651 1598 Vos
676 1532 805 1598 debetis·
821 1535 1035 1597 considerare
1051 1554 1197 1597 amorem
1209 1543 1474 1619 parentumerga
1497 1551 1500 1615 ᾗ
2384 1588 2408 1621 Ι

490 1641 566 1699 voS,
589 1631 619 1684 et
642 1620 791 1684 uicissim
808 1639 886 1684 csse
908 1620 1009 1705 grati:
1031 1620 1173 1685 Debetis
1196 1617 1333 1705 diligere
1355 1639 1473 1704 paren·
1488 1620 1500 1661 Ι
1613 1620 1825 1704 Respondeo.
1870 1623 2034 1705 Eutdypro
2055 1636 2134 1687 sum
2150 1623 2260 1689 orunia
2272 1643 2393 1687 carnea
2405 1642 2507 1686 mem·

491 1721 555 1773 tes.
600 1706 672 1767 Dos
699 1718 913 1790 praeceptum
935 1714 1006 1787 rapt
1028 1706 1131 1767 nr'clrt:
1158 1726 1222 1770 vos
1244 1717 1400 1789 parentes
1416 1704 1473 1768 de·
1497 1697 1500 1743 Ι
1527 1710 1586 1773 bra
1608 1710 1776 1787 interiora,
1798 1707 1923 1794 pulmo,
1947 1730 2048 1794 epar,
2082 1731 2163 1787 cor,
2202 1729 2320 1787 renes,
2350 1720 2414 1773 etc.
2438 1727 2505 1772 nou

491 1794 578 1862 betis
606 1790 745 1878 diligere
771 1803 888 1856 natos:
919 1814 1116 1879 quamquam
1149 1792 1215 1855 hoc
1250 1793 1348 1855 ctiam
1383 1811 1472 1856 com·
1497 1853 1499 1863 ,
1524 1804 1648 1860 tantum
1671 1796 1835 1861 intestina.
1880 1795 1941 1860 Est
1963 1797 2098 1872 imitatio
2116 1796 2290 1865 Hebraico,
2314 1796 2369 1881 qui
2392 1796 2505 1859 dicunt

490 1880 724 1967 prehenditur,
742 1879 803 1942 §etl
827 1879 919 1943 dicit:
965 1879 1098 1940 Honora
1125 1885 1247 1957 pafrem
1273 1886 1305 1942 ef
1329 1885 1472 1950 matrem
1497 1914 1499 1919 ·
1525 1883 1634 1947 omnip
1657 1882 1812 1946 interiora
1835 1895 2000 1947 commota
2023 1901 2122 1959 esse,
2155 1883 2287 1967 quando
2318 1880 2506 1966 significant

494 1968 571 2052 quia
604 1966 636 2030 in
670 1965 865 2049 parentibus
898 1967 962 2030 iam
994 1976 1046 2030 est
1078 1966 1141 2031 istc
1174 1964 1325 2029 allectus.
1387 1962 1473 2028 lluic
1524 1968 1858 2054 uraguuroalfectum.
1893 1968 1941 2032 lte
1953 1967 2007 2032 hic
2019 1971 2061 2034 de
2074 1968 2222 2047 Christo,
2247 1969 2348 2031 verbo
2374 1972 2505 2046 ἐσπλαγ-

493 2051 626 2116 affectui
658 2064 695 2118 tu
724 2052 828 2116 (lebes
861 2051 1102 2135 gratitudinem.
1150 2050 1184 2113 ln
1220 2052 1316 2114 bonis
1344 2050 1472 2114 naluris
1497 2080 1499 2126 p
1524 2047 2021 2139 polodpsignificffiuraffectus‚
2040 2077 2112 2119 cum
2137 2056 2261 2140 ingenti
2284 2064 2316 2117 et
2338 2052 2505 2138 profunda

494 2139 600 2223 inagis
624 2139 744 2203 eminet
765 2134 822 2202 illc
844 2136 985 2201 affectus
1008 2148 1180 2221 pareutum
1203 2158 1285 2222 erga
1308 2147 1417 2214 natos,
1440 2151 1473 2201 et
1525 2142 1763 2206 misericordia.
1809 2139 1855 2205 lta
1877 2138 1967 2219 alibi,
1987 2142 2120 2227 quaudo
2143 2142 2321 2205 resuscitat
2343 2149 2505 2216 mortuos,

494 2224 651 2289 vicissim.
697 2226 890 2289 Observare
912 2225 1034 2287 dictum
1046 2222 1306 2307 Epaminondae,
1318 2235 1353 2288 ut
1375 2223 1472 2286 etiam
1497 2273 1499 2277 -
1525 2229 1657 2293 suntin
1681 2250 1721 2292 eo
1744 2224 1931 2313 singulares
1955 2240 1986 2291 et
2010 2229 2121 2313 magui
2145 2239 2265 2291 motus.

493 2331 555 2376 vos
579 2311 715 2375 discatis
737 2312 856 2376 intueri
875 2311 995 2376 iudicia
1018 2321 1051 2373 et
1072 2306 1261 2374 voluntates·
1284 2321 1473 2374 vestrorum
1497 2348 1500 2360 ·

393 2458 396 2463 .
492 2408 677 2481 parentum,
694 2407 727 2461 et
748 2408 785 2461 ut
810 2394 920 2463 velitis
949 2397 998 2462 eis
1022 2396 1185 2482 placere·
1210 2397 1258 2460 ltu
1286 2396 1365 2459 dixit
1387 2393 1474 2479 Epa·
1499 2400 1505 2485 ξ

492 2482 683 2547 minandas:
716 2482 759 2546 Se
780 2504 894 2563 cupere
913 2482 995 2545 dane
1012 2485 1175 2543 rrroxr'murn
1194 2483 1331 2561 finctum
1351 2502 1475 2562 auorum
1499 2492 1502 2539 ἓ

493 2567 649 2648 laborum,
683 2577 715 2634 et
736 2572 952 2641 victoriarum,
981 2569 1067 2651 quod
1087 2568 1214 2633 oaooet
1232 2576 1382 2650 parentes
1403 2588 1474 2647 ape·
1499 2574 1502 2615 ῑ
1527 2557 2001 2642 Consolationes
2041 2559 2098 2640 in
2141 2572 2329 2640 morte
2369 2555 2505 2638 ami-

493 2662 629 2719 rectora
660 2676 736 2719 suae
768 2658 913 2728 virtutis,
941 2655 1085 2735 gloriae,
1118 2662 1149 2718 el
1181 2676 1281 2718 amram
1308 2662 1472 2734 pertarum
1499 2650 1503 2711 Ι

492 2738 538 2802 Es
560 2745 603 2803 ist
625 2745 693 2805 eine
713 2740 828 2802 ardone
849 2742 944 2803 rede:
965 2762 998 2802 er
1020 2748 1104 2820 sapt,
1126 2731 1187 2802 dor
1203 2740 1265 2802 idm
1286 2740 1390 2802 nicbts
1402 2740 1474 2801 treo-
1498 2716 1502 2813 Ι
1913 2745 1935 2796 0
1952 2744 1976 2797 0
1991 2744 2052 2797 ru
2067 2745 2120 2797 m.

493 2825 590 2891 ltcter
611 2849 675 2910 rep,
700 2828 781 2890 derra
802 2828 864 2890 dos
885 2832 970 2893 sobre
991 2826 1087 2888 alteru
1105 2828 1221 2905 frende
1252 2848 1313 2888 ooo
1339 2827 1401 2888 idm
1422 2825 1474 2887 da·
1499 2843 1502 2900 Ι

491 2913 558 2979 den.
602 2914 679 2979 Non
702 2915 808 2995 scitis,
832 2928 975 3002 quantus
994 2917 1037 2979 sit
1060 2913 1157 2979 dolor
1179 2925 1369 2998 pareutum,
1397 2922 1503 2998 post}
1611 2916 1737 3001 Legitis
1765 2916 1852 3000 apud
1882 2914 2077 2981 Ciceronem
2107 2911 2226 2979 multas
2256 2907 2506 2977 consolationes

491 2997 583 3068 illum
606 2999 769 3081 dolorem,
793 3022 890 3088 quem
921 3000 1023 3068 babet
1049 3000 1174 3082 homo,
1207 3002 1339 3089 quando
1374 3001 1474 3064 sentit
1499 3047 1502 3065 .
1525 3002 1568 3066 de
1589 3016 1711 3067 morte:
1733 3004 1823 3080 itero,
1844 3002 1932 3086 apud
1964 2999 2193 3071 Plutarchum,
2216 2998 2391 3063 Senecam.
2437 2996 2507 3062 Sed

492 3086 572 3151 iram
594 3086 673 3153 Dei:
699 3089 856 3153 omnium·
865 3086 1016 3153 dolorum
1040 3109 1187 3154 summus
1212 3102 1275 3166 est,
1297 3109 1395 3174 quem
1416 3084 1474 3150 ha·
1498 3070 1502 3185 Ι
1525 3099 1657 3171 oportet
1675 3108 1737 3151 uos
1760 3089 1962 3171 distinguere
1985 3083 2235 3170 philosophicas
2249 3097 2280 3146 et
2297 3082 2506 3148 christianas

494 3173 571 3237 beut
591 3186 750 3257 parentes
767 3175 801 3238 iu
827 3172 1013 3240 calamitate
1035 3172 1174 3239 sobolis.
1218 3174 1294 3239 Non
1321 3186 1374 3239 est
1403 3186 1473 3237 tau·
1498 3194 1502 3227 ¹
1525 3170 1784 3239 consolationes.

492 3271 547 3323 tus
569 3256 690 3340 dolor,
723 3261 856 3343 qnando
890 3278 953 3322 nos
987 3260 1050 3343 ipsi
1083 3262 1230 3344 rapimur
1257 3262 1301 3324 ad
1323 3273 1473 3324 mortem.
1498 3232 1502 3305 Ι

490 3342 567 3405 Nou
590 3344 635 3406 ita
669 3346 919 3422 excruciemur,
952 3365 1019 3408 non
1052 3346 1098 3408 ita
1132 3344 1296 3429 profunde
1329 3310 1502 3411 subeunti

491 3429 619 3492 animos
641 3441 777 3495 nostros
797 3428 1002 3496 calamitates
1025 3444 1170 3513 nostrae,
1187 3428 1341 3495 sicutillc
1363 3429 1472 3508 dolor,
1498 3424 1501 3495 Ι

492 3533 590 3599 quem
622 3529 780 3599 parentes
813 3518 960 3581 sentiunt
995 3539 1036 3582 ex
1077 3512 1282 3583 calamitate,
1304 3530 1471 3583 natorum:
1498 3546 1500 3586 r
1526 3505 1649 3609 Quod
1681 3517 1775 3588 sunt
1805 3504 1880 3585 loci
1912 3503 2284 3613 philosophicarum
2324 3503 2507 3585 consola-

491 3611 671 3685 propterea
694 3603 823 3667 debetis
851 3600 1084 3689 gratitudinem
1116 3603 1321 3688 parentibus
1366 3604 1473 3670 Debc-
1812 3604 1833 3677 '.

490 3688 532 3750 tis
557 3687 708 3839 cogitare
730 3710 883 3775 nruguum
913 3686 1025 3754 scelus
1053 3710 1130 3753 esee
1165 3688 1334 3754 offendere
1356 3711 1495 3775 paren„
1804 3670 1961 3771 tronum
1993 3653 2224 3769 gessssrstlffli

491 3784 554 3838 tes.
634 3775 738 3840 ebetis
761 3772 879 3839 laetari
900 3773 1024 3839 laetitia
1047 3787 1231 3859 parentum.
1276 3776 1369 3841 llaec
1387 3776 1473 3865 Phy-

490 3860 561 3924 sica
583 3872 616 3924 et
638 3858 813 3942 rraturalia‚
836 3872 915 3927 sunt
937 3862 1100 3945 imagines
1123 3883 1232 3927 rerum
1256 3864 1450 3929 divinarum.
1497 3894 1501 3927 t
1610 3863 1694 3927 Sunt
1716 3881 1775 3924 sex
1798 3854 2022 3944 philosophici
2044 3854 2126 3923 loci:
2166 3856 2366 3937 decoratas,
2388 3856 2506 3937 Iltpru’·

1497 3947 1500 3955 '
1524 3956 1574 4009 tor
1595 3950 1737 4016 virtutis,
1766 3946 1863 4009 Bono
1897 3948 2110 4017 conculcatio,
2143 3942 2364 4025 Exemplum,
2384 3941 2506 4008 Corusa

1519 4035 1634 4114 finialis,
1659 4032 1799 4097 Collatr'o
1822 4041 1988 4098 werricum.
2040 4032 2114 4096 Dos
2145 4031 2217 4091 stud
2251 4027 2506 4114 philosophicae

1522 4119 1792 4186 consolationes:
1837 4119 1979 4192 Quando
2002 4117 2121 4182 Cicero
2145 4114 2286 4202 aliquem
2311 4114 2506 4181 consolatur

492 4189 627 4293 QUUI'G
657 4196 783 4277 Ubera
812 4208 905 4277 sulit
935 4197 1101 4279 admota
1130 4198 1283 4307 pectori
1313 4198 1354 4279 in
1381 4228 1471 4281 mu-
1496 4210 1499 4291 Ι
1521 4208 1555 4272 ln
1578 4204 1677 4272 bellis
1700 4204 1864 4284 civilibus,
1888 4210 2093 4287 orpumcntr'rt
2114 4225 2147 4264 er
2169 4201 2294 4265 erratico
2319 4222 2359 4264 ex
2387 4220 2504 4265 neces·

1495 4295 1630 4401 [nitate.
1676 4293 1746 4353 Dos
1778 4296 1821 4355 to
1852 4291 1955 4374 pleird
1979 4290 2027 4350 uls
2048 4310 2133 4349 wcnu
2156 4308 2225 4348 oron
2247 4291 2335 4347 cirron
2357 4286 2440 4351 oreo
2463 4307 2504 4349 aa

519 4348 624 4455 llere,
657 4378 750 4431 Cum
782 4350 866 4431 aliis
897 4351 1120 4460 Pecudibus
1152 4351 1232 4432 Sint
1263 4352 1429 4434 adimi-a
1495 4408 1499 4431 ·
1523 4378 1644 4460 Golpen
1662 4377 1779 4456 finiret,
1792 4375 1839 4440 'so
1857 4385 1929 4456 aopi
1950 4397 2035 4442 mou:
2057 4373 2272 4435 Esdorrru'cbt
2289 4372 2404 4437 undem
2417 4394 2502 4455 reyn.

1016 4504 1048 4531 ·.
1450 4508 1453 4513 -
1522 4464 1593 4525 Dor
1620 4467 1663 4525 r‘st
1692 4466 1741 4523 eto
1769 4462 1972 4526 ieromcrb'cde
1999 4458 2199 4527 consolatio.
2248 4457 2295 4521 Er
2317 4459 2386 4523 that
2408 4462 2504 4523 mrem

896 4503 1059 4589 ventl'li
1494 4542 1499 4627 Ι
1521 4572 1558 4611 so
1580 4549 1643 4611 ciel
1661 4549 1751 4611 desto
1768 4551 1944 4631 moraliter,
1968 4549 2044 4609 (loss
2065 4570 2098 4609 es
2119 4546 2188 4609 olto
2210 4550 2277 4611 sein
2298 4567 2390 4609 mass.
2436 4545 2504 4609 Sed

1494 4641 1498 4709 Ι
1521 4649 1631 4702 tamen
1655 4636 1850 4721 proponitur
1870 4640 1936 4702 ista
1960 4631 2147 4701 consolatio
2170 4645 2359 4719 propterea,
2382 4653 2423 4695 ue
2445 4652 2504 4695 au·

572 4718 786 4806 Respondes.
832 4720 876 4786 Ut
898 4734 1002 4787 mater
1025 4718 1233 4786 transfundat
1261 4742 1409 4788 amorem
1438 4736 1497 4787 et.
1546 4744 1661 4787 eamus
1695 4719 1844 4787 dolorem
1877 4721 2003 4787 frustra
2036 4721 2262 4807 repugnando.
2320 4717 2365 4781 Ori
2393 4722 2503 4800 πρῆξις

485 4818 597 4871 motus
616 4808 727 4872 cordis
749 4808 782 4872 in
801 4805 963 4872 sobolem.
1007 4808 1079 4869 Dos
1100 4807 1185 4880 oret,
1208 4830 1243 4869 so
1267 4808 1343 4869 bold
1366 4829 1398 4869 es
1418 4829 1470 4891 pe·
1520 4745 1676 4895 ineptior:
1718 4807 1820 4874 Nulla
1852 4821 1903 4875 est
1936 4806 2061 4874 utilitas
2093 4806 2361 4891 lachrymarum,
2398 4804 2503 4889 inquit

486 4892 627 4957 warham
648 4897 713 4965 ist,
737 4898 888 4975 oerpr‘cset
915 4914 947 4954 es
976 4896 1034 4959 der
1054 4894 1174 4955 Edem.
1223 4895 1375 4960 Pecudes
1398 4908 1469 4960 tan·
1519 4894 1698 4974 llomerus,
1719 4896 1788 4957 dira
1809 4898 1853 4957 ist
1875 4896 2071 4961 necessitas.

485 4988 554 5043 tmn
577 4977 671 5045 alunt
693 4978 858 5058 sobolem,
880 4992 998 5064 postea
1018 5001 1087 5045 non
1116 4978 1249 5045 fovent:
1279 4984 1340 5045 sed
1369 4982 1468 5046 homo
1605 4983 1778 5048 Secundus
1802 4980 1924 5062 locus,
1957 4982 2101 5065 dignitas
2130 4978 2272 5042 virtutis.
2317 4974 2424 5040 Homo
2449 4976 2502 5047 de·

485 5082 553 5134 nou
577 5066 677 5131 debet
698 5063 808 5132 solum
830 5064 944 5145 alere,
972 5067 1033 5130 sed
1065 5067 1164 5131 etiam
1198 5065 1315 5134 fovere
1339 5080 1476 5152 postea.
1519 5070 1575 5134 bet
1598 5071 1746 5154 cogitare
1769 5071 1919 5134 virtutem
1943 5088 2022 5132 esse
2049 5062 2220 5130 meliorem
2249 5063 2403 5128 omuibus
2426 5058 2500 5127 aliis

484 5146 563 5217 ldeo
586 5155 691 5219 ubera
724 5164 802 5217 sunt
835 5152 970 5223 admota
999 5153 1114 5231 cordi,
1149 5165 1185 5217 ut
1218 5152 1469 5219 transfundatur
1519 5157 1628 5235 bonis,
1649 5157 1724 5220 ideo
1747 5176 1813 5219 non
1836 5148 1934 5220 debet
1955 5151 2068 5217 facere
2092 5150 2385 5216 contravirtutem.
2414 5148 2500 5213 cato

484 5235 624 5305 affectus
646 5252 791 5318 mutuus,
815 5250 849 5304 et
867 5234 1097 5306 benevolentia
1119 5234 1176 5302 illa
1198 5250 1313 5304 mutua
1347 5240 1381 5304 in
1414 5260 1468 5304 so·
1517 5241 1721 5307 interficiens
1744 5261 1795 5319 se,
1817 5238 1899 5305 facit
1921 5252 2039 5303 contra
2060 5239 2233 5315 virtutem,
2263 5248 2380 5300 contra
2409 5235 2500 5300 iusti·

484 5322 606 5390 bolem.
648 5329 738 5402 ltem,
760 5337 796 5391 ut
818 5328 963 5392 sciamus
986 5346 1049 5392 uos
1078 5324 1254 5403 homines,
1287 5328 1377 5411 quod
1411 5327 1467 5392 de·
1491 5330 1609 5401 itiam:
1632 5329 1774 5393 debebat
1801 5327 1965 5391 moderari
1992 5321 2159 5400 dolorem3
2190 5323 2312 5384 dorcon
2344 5322 2417 5382 habt
2450 5320 2501 5381 thr

484 5409 624 5477 beamus
646 5413 733 5477 iratis
755 5433 823 5476 non
845 5410 953 5479 solum
976 5412 1251 5490 nutricationem,
1284 5412 1345 5476 sed
1369 5415 1467 5478 etiarn
1491 5416 1495 5425 '
1516 5417 1568 5477 etat
1588 5434 1649 5494 por
1678 5413 1791 5475 roboae
1813 5412 1902 5474 Reda
1931 5413 2019 5499 apud
2041 5410 2252 5488 Ciceronem,
2280 5406 2500 5496 frangendum

485 5499 815 5571 communicationem
839 5500 1023 5585 sapientiae
1044 5509 1076 5563 et
1099 5498 1241 5579 virtutis,
1282 5519 1344 5565 uae
1367 5496 1467 5586 signi·
1517 5519 1596 5564 esse
1619 5496 1768 5566 dolorem
1798 5497 1931 5565 allisum
1965 5499 2007 5563 ad
2040 5498 2218 5573 virtutem,
2252 5507 2423 5580 tamquam
2456 5492 2500 5556 oo

482 5581 603 5651 licetur
623 5605 685 5671 per
708 5605 785 5650 cor:
808 5584 869 5647 dos
889 5585 954 5648 solt
974 5585 1025 5647 ihr
1047 5584 1239 5648 berlencden:
1258 5520 1388 5651 debetis
1412 5606 1466 5651 as·
1516 5584 1710 5671 scopulum3
1732 5597 1785 5651 est
1806 5587 1838 5650 in
1861 5585 1892 5650 9.
1915 5582 1973 5650 lib.
1996 5584 2101 5670 Epist.
2114 5581 2244 5662 Famil,
2262 5582 2294 5645 id
2314 5590 2378 5658 est,
2400 5580 2500 5642 borno

480 5669 595 5754 licere
615 5682 778 5735 naturum.
949 5684 954 5703 ·
1499 5671 1615 5738 ¹debet
1635 5674 1779 5739 retinere
1800 5673 2022 5757 praeseutitrm
2041 5670 2151 5749 animi,
2165 5669 2263 5735 etiam
2284 5667 2318 5731 in
2346 5664 2500 5763 adversis
