5934 6709
505 702 550 768 aa
800 664 808 670 ’
862 673 864 676 ⁴
1140 699 1253 768 ean.
1275 698 1382 769 usn.
1405 698 1594 769 sennua
1615 698 1880 769 anaanrrca.
2356 730 2359 735 ·
2469 701 2515 767 ιι

506 890 595 956 sieut
615 889 670 954 hie
691 882 783 954 lubet
804 890 1016 955 introducere
1039 884 1190 968 chades,
1225 907 1361 970 coecos,
1392 889 1487 953 muti·
1509 886 1516 899 ’
1535 891 1642 955 nuere
1661 891 1718 955 dtu
1739 909 1761 954 a
1781 890 1998 955 communibus
2029 888 2199 953 amatote:
2229 886 2313 956 ditm
2339 906 2515 955 conmeante-

503 972 569 1041 los.
622 975 715 1040 llaec
741 986 862 1059 postea
888 972 1144 1059 explicabimna3
1176 975 1268 1059 prim
1290 972 1487 1039 Grammati·
1534 980 1639 1057 factio
1659 993 1717 1038 aaa
1737 976 1883 1040 reductio
1902 981 1938 1038 in
1954 982 2138 1039 mortem
2159 974 2233 1053 rista,
2251 982 2350 1055 prato
2370 983 2427 1039 eet

505 1058 592 1126 calia
613 1061 775 1145 quaedam
796 1080 1013 1144 exponemus.
1622 1057 1780 1137 Homines
1797 1058 1930 1124 honesti
1947 1056 2153 1123 delectantur
2170 1058 2321 1122 honestis
2338 1058 2514 1137 conviviis,

591 1145 732 1210 Veteres
754 1154 881 1209 tantum
902 1142 1007 1210 semel
1029 1145 1166 1210 ederunt
1198 1143 1232 1206 in
1261 1143 1327 1221 die,
1359 1153 1393 1208 et
1415 1144 1485 1229 qui·
1534 1156 1572 1209 nt
1592 1153 1774 1209 renovetur
1806 1155 1839 1208 et
1861 1156 2077 1209 conservetur
2109 1143 2261 1208 amicitia.
2315 1141 2415 1208 'l'ales
2436 1162 2515 1208 con-

504 1231 580 1297 dem
613 1231 811 1316 grandiores
844 1241 969 1295 tantum
996 1242 1095 1309 natu,
1126 1238 1160 1293 et
1186 1226 1416 1307 honestiores,
1449 1240 1487 1292 ut
1560 1248 1674 1305 ressus
1705 1229 1845 1293 instituti
1866 1239 1944 1293 sunt
1974 1230 2008 1293 in
2040 1229 2178 1311 nuptiis,
2211 1229 2245 1294 in
2273 1229 2516 1297 renuntiatione

502 1314 690 1400 Principes,
712 1327 745 1380 ct
768 1313 822 1380 alii
843 1315 989 1399 primarii
1010 1314 1072 1378 viri
1094 1314 1320 1379 accubuerunt
1337 1331 1484 1378 mensae.
1533 1249 1709 1393 honorum,
1731 1315 1765 1378 in
1785 1311 1908 1379 laetitia
1928 1312 2073 1396 publica.

502 1400 541 1466 ld
572 1401 783 1465 nominarunt
815 1399 942 1475 δεῖπνον,
970 1419 1112 1465 manaem
1174 1398 1259 1463 Nam
1297 1400 1388 1484 quod
1420 1418 1484 1464 nos
1620 1399 1675 1463 Ab
1707 1401 1773 1465 hoc
1795 1418 1899 1476 more,
1931 1417 1993 1464 sen
2014 1398 2256 1465 consuetudine
2277 1398 2445 1464 hominum
2466 1400 2516 1463 in·

502 1507 593 1552 nunc
620 1505 781 1550 vocamus
810 1487 993 1565 prandium,
1025 1483 1073 1548 illi
1106 1481 1320 1568 appellabant
1350 1480 1484 1570 ἄριστον,
1534 1485 1737 1549 stituentinm
1760 1485 1925 1562 convivia,
1949 1487 2203 1550 convocantiom
2224 1486 2363 1562 amicos,
2386 1494 2419 1550 et
2436 1504 2516 1550 con·

502 1569 560 1636 alii
583 1575 774 1638 ammonam
795 1583 979 1645 vocarunt;
1000 1569 1089 1654 quod
1110 1570 1332 1652 praebebatur
1352 1570 1484 1634 iuniori·
1534 1570 1734 1635 venientium
1756 1569 1920 1634 amicitiae
1940 1581 1973 1633 et
1995 1569 2246 1635 benevolentiae
2257 1589 2394 1648 caussa,
2415 1572 2517 1635 sumit

501 1660 579 1736 hus,
612 1668 645 1719 et
677 1654 856 1738 operariis:
896 1655 985 1719 unde
1015 1652 1172 1718 fortassis
1204 1674 1326 1718 nomen
1357 1652 1483 1720 laetum
1533 1673 1645 1719 sermo
1678 1655 1809 1719 divinus
1842 1651 2053 1722 collationem
2093 1674 2155 1720 seu
2187 1652 2391 1738 exemplum,
2424 1657 2516 1740 quod
2634 1702 2637 1707 ·

503 1740 669 1826 est2=qula
690 1737 959 1805 adolescentibus
976 1749 1011 1804 et
1031 1737 1222 1826 defatigatis
1243 1737 1372 1818 labore,
1401 1740 1483 1824 opti·
1532 1735 1693 1803 transfert
1720 1741 1764 1804 ad
1792 1758 1848 1804 res
1876 1738 2079 1824 spirituales,
2111 1753 2148 1805 ut
2180 1739 2235 1804 hic
2257 1741 2376 1807 dicitur
2399 1739 2515 1806 Pater·

501 1849 591 1892 mum
611 1827 779 1930 uidetur,
825 1825 854 1888 si
894 1826 1130 1909 praebeantur·
1158 1826 1207 1891 eis
1244 1821 1412 1891 ientacula
1450 1835 1484 1892 et
1532 1821 1674 1929 familias
1706 1823 1820 1891 facere
1852 1826 2058 1929 convivium3
2090 1837 2124 1890 et
2146 1824 2265 1890 Esaias
2293 1826 2440 1910 loquitur
2473 1826 2516 1890 de

501 1913 687 2080 Pmllqllad
709 1994 896 2059 Germanos
917 2014 985 2059 non
1018 2005 1072 2059 est
1104 1991 1220 2058 similis
1254 1995 1482 2079 temperantia3
1533 1908 1841 2073 llfflllmlffi
1857 1909 2138 2062 qqqlpacgilqpcatqte
2155 1912 2409 2075 llllgntlellcrdl
2425 1922 2516 2080 ιιῖιοιιεᾶι

501 2083 579 2148 ideo
601 2083 635 2146 in
657 2081 835 2166 proverbio
868 2079 1002 2145 dicitur:
1039 2083 1273 2146 Germanorum
1295 2086 1424 2162 ίσίιιιιίσ,
1450 2087 1482 2144 et
1533 2099 1598 2145 nos
1618 2090 1696 2164 post
1722 2099 1879 2159 messem,
1911 2083 2053 2147 invectis
2073 2080 2240 2168 frugibus,
2260 2080 2412 2147 homines
2434 2101 2515 2145 con-

500 2168 657 2234 ltalomtm
689 2168 829 2247 ιίσσσίισ,
862 2184 926 2231 nen
957 2184 1056 2230 anam
1085 2166 1199 2247 sabam
1231 2170 1337 2231 micat
1367 2171 1480 2230 mania.
1533 2166 1680 2244 veniunt,
1702 2166 1933 2245 convivantur,
1963 2165 2141 2245 laetantur,
2163 2187 2184 2230 a

500 2253 691 2338 Antiquitas
712 2249 774 2316 luit
795 2246 894 2314 valde
915 2261 1120 2335 temperans,
1141 2250 1204 2314 sed
1224 2260 1334 2315 tamen
1355 2247 1480 2315 habne·
1556 2271 1594 2315 ro
1627 2251 1795 2335 perceptis
1834 2247 2006 2337 frugibus3
2048 2266 2081 2316 et
2119 2253 2154 2316 in
2185 2189 2342 2319 ledeia
2379 2271 2514 2334 semper

500 2352 579 2404 runt
609 2335 658 2401 illi
691 2336 775 2402 alios
807 2334 958 2414 tructus,
991 2337 1112 2420 quibus
1143 2354 1208 2400 nos
1241 2355 1409 2417 caremus5
1448 2346 1482 2400 et
1531 2271 1665 2402 luerunt
1687 2334 1870 2414 sacrificia,
1901 2339 1936 2402 in
1980 2339 2077 2403 uibus
2099 2334 2243 2403 familiae
2268 2357 2333 2402 nna
2356 2337 2512 2402 convive-

500 2425 620 2509 qnibus
664 2443 741 2488 cnm
783 2420 925 2506 quadam
973 2422 1138 2487 suavitate
1181 2431 1359 2506 potuerunt
1401 2438 1480 2485 sese
1532 2422 1664 2525 bantur.
1728 2419 1772 2485 Et
1804 2432 1857 2485 est
1893 2419 1971 2505 pulc
1996 2422 2146 2528 errimus·
2167 2423 2252 2488 ritus
2283 2420 2460 2528 'instiiutus
2492 2442 2514 2486 a

499 2508 765 2658 reficePlllchram
797 2601 907 2656 autem
927 2588 995 2655 hoc
1016 2586 1088 2669 fuit,
1116 2590 1206 2675 quod
1237 2552 1404 2674 nunqnam
1431 2586 1480 2654 illi
1531 2504 1960 2676 mcltllsslllriocoelllgarlgotllllnl
1982 2507 2083 2659 Disclll
2106 2506 2417 2659 allami'tldlllrlllmvrelllee
2435 2516 2512 2655 llil?

499 2678 706 2745 accuberunt
724 2696 890 2781 mensae,
923 2676 997 2822 nihsi
1019 2672 1128 2825 ἓξὲξ
1148 2675 1479 2825 pslgaeg'ffifflslesll
1530 2696 1626 2827 qqrp13
1652 2676 1705 2826 εἰς,
1736 2688 1806 2755 est,
1842 2695 2032 2744 convocare
2070 2677 2193 2745 multos
2229 2680 2274 2745 ad
2316 2677 2512 2744 societatem

498 2761 878 2934 llqllllatol'allllrlllnqullzr
898 2759 1109 2926 Sldttt'nfiscotur
1141 2850 1230 2912 mbae
1255 2865 1320 2928 per
1342 2805 1480 2927 cerdania,
1616 2781 1860 2912 depraecantes
1886 2849 2035 2934 cogitent
2067 2850 2165 2915 etiarn
2196 2848 2262 2914 hoc
2279 2849 2444 2934 pertinere
2464 2810 2520 2912 ad

498 2944 533 3001 et
549 2935 781 3019 precationem.
837 2929 1006 2995 Potuisset
1026 2928 1122 2995 Deus
1154 2942 1344 2996 sustentare
1375 2931 1478 2996 homi·
1530 2927 1643 2998 officia
1659 2931 1884 3010 humanitatis,
1916 2943 1954 2999 ut
1985 2944 2097 2999 ament
2117 2931 2260 3000 honesta
2282 2933 2447 3013 convivia,
2480 2941 2513 2997 et

497 3039 573 3085 nem
595 3018 668 3082 sine
689 3018 764 3083 cibo
787 3030 819 3080 et
841 3025 934 3100 pota,
956 3025 1013 3082 aut
1029 3015 1174 3081 condere
1194 3034 1259 3080 nos
1280 3025 1317 3080 nt
1337 3017 1478 3081 arbores
1530 3026 1621 3083 recte
1643 3035 1682 3082 se
1702 3018 1737 3079 in
1758 3018 1801 3081 iis
1822 3031 1958 3103 gerant,
1997 3031 2034 3084 nt
2062 3017 2120 3084 ille
2142 3023 2231 3104 apud
2252 3018 2514 3103 Aristophanem

498 3102 554 3172 vel
575 3101 717 3189 plantas.
763 3101 831 3167 Sed
853 3103 981 3167 creavit
1002 3119 1082 3180 nos,
1115 3111 1152 3167 ut
1182 3111 1320 3165 naturas
1348 3101 1479 3166 ratione
1531 3103 1590 3168 ait:
1624 3105 1756 3168 raama
1777 3109 1810 3168 te
1832 3103 2029 3184 συμποτικόν,
2051 3104 2086 3168 id
2106 3115 2170 3184 est,
2201 3108 2360 3172 dominam
2381 3121 2514 3170 macen

497 3191 677 3275 praeditas,
710 3198 744 3254 et
764 3183 836 3252 vult
868 3206 931 3251 nos
964 3186 1015 3250 sic
1043 3187 1135 3251 vesei
1164 3186 1239 3251 cibo
1262 3195 1295 3250 at
1309 3197 1409 3336 potu,
1441 3197 1479 3252 ‘ut
1530 3191 1566 3253 t‘n
1597 3193 1759 3254 ammeta.
1812 3186 1897 3252 Sunt
1925 3186 2043 3274 aliqui,
2084 3190 2141 3340 qui
2179 3189 2297 3258 nolunt
2328 3190 2441 3257 venire
2468 3187 2513 3252 ad

497 3276 644 3362 qnotidie
664 3272 783 3338 harum
804 3291 916 3338 rerum
946 3290 1012 3337 usu
1043 3272 1281 3338 admoneamur
1332 3271 1478 3357 eipsius
1530 3273 1714 3337 amicorum
1753 3274 1916 3343 convivia,
1957 3276 2055 3340 etiarn
2104 3277 2228 3343 nvitati.
2294 3274 2396 3341 'Pales
2435 3282 2514 3338 sunt

495 3359 686 3446 praesentia
707 3368 741 3423 et
762 3358 920 3424 bonitate.
1530 3356 1688 3422 'limones
1711 3368 1746 3422 et
1763 3357 1995 3444 μισάνθρωποι,
2019 3362 2075 3447 qui
2091 3363 2271 3428 ostendunt
2287 3381 2327 3426 se
2344 3359 2514 3445 digniores

583 3445 779 3510 Athenaeus
821 3441 935 3508 laudat
972 3440 1063 3507 huna
1105 3460 1231 3507 morem
1273 3438 1479 3506 Graecorum
1531 3461 1611 3508 esse
1633 3461 1789 3522 carcere,
1823 3465 1923 3530 quam
1945 3449 2200 3513 conversatione
2228 3449 2402 3513 bonorum.
2446 3440 2514 3506 Alii

498 3533 586 3617 apnd
608 3530 804 3608 Homerum,
838 3529 926 3612 quod
956 3545 1125 3611 nunquam
1156 3527 1309 3591 assident
1330 3545 1478 3605 mensae,
1532 3549 1608 3593 cum
1639 3530 1805 3594 accedunt
1837 3532 1883 3595 ad
1915 3532 2086 3610 convivia,
2124 3536 2192 3595 non
2224 3532 2366 3606 decore,
2404 3544 2516 3609 neque

496 3618 563 3682 nisi
601 3613 760 3680 libatione
799 3624 833 3679 et
865 3608 1059 3697 precatione
1090 3607 1192 3676 facta.
1253 3607 1480 3695 Reprehendit
1530 3613 1683 3678 modeste
1722 3633 1761 3678 se
1793 3624 1935 3699 gerunt,
1978 3615 2182 3699 ingurgitant
2217 3633 2339 3698 magna
2380 3607 2514 3696 pocula,

497 3702 596 3767 etiam
628 3697 714 3765 alios
752 3699 913 3763 immanes
945 3707 980 3763 et
1013 3697 1175 3761 barbaros
1182 3740 1193 3774 ,
1236 3697 1293 3781 qui
1328 3696 1479 3761 assident
1530 3700 1683 3763 rixantur
1699 3718 1775 3765 enm
1796 3695 1889 3777 aliis,
1916 3699 2095 3764 verberant
2128 3698 2298 3777 convivas,
2330 3697 2515 3783 impingunt

496 3804 634 3853 mensae
655 3786 728 3849 sine
749 3784 959 3867 precatione3
986 3791 1020 3847 et
1042 3782 1123 3846 citat
1143 3801 1279 3848 versum
1300 3780 1479 3846 Simonidis
1532 3782 1715 3849 cantharas
1735 3778 1876 3849 aliorum
1899 3783 2072 3867 capitibus.

498 3873 540 3937 de
561 3870 706 3955 quadarn
726 3869 894 3934 immunda
925 3865 1081 3947 muliere,
1114 3885 1202 3952 qnae
1234 3866 1415 3932 comederit
1437 3866 1479 3931 de
1616 3866 1719 3932 Tales
1761 3864 2048 3951 reprehenduntur
2091 3868 2182 3933 dicto
2220 3867 2380 3946 Pindari,
2422 3865 2514 3951 quod

497 3955 690 4033 meriliciis,
723 3967 801 4019 ante
826 3973 902 4018 uam
937 3948 1029 4018 facte
1061 3961 1153 4018 esset
1185 3949 1334 4017 oblatio=
1378 3950 1479 4016 ἄθυτα
1530 3948 1674 4018 affimat
1706 3951 1861 4020 convivio
1900 3954 2081 4019 convenire
2112 3973 2175 4021 sen
2207 3972 2393 4021 conruere
2424 3962 2514 4016 tran·

363 4073 373 4087 .
496 4040 563 4126 ῐερᾶ
581 4046 748 4104 κατεσθίει.
819 4035 881 4103 alis
909 4036 1084 4102 barbaries
1108 4047 1161 4103 est
1188 4033 1358 4123 fugienda.
1401 4036 1480 4103 lion
1531 4034 1742 4124 quillltatemt
1775 4047 1937 4127 συμαοσίφ
1960 4046 2069 4126 πρέπει
2090 4038 2210 4121 ἡσυχία.
2286 4041 2439 4101 semeiam
2461 4036 2513 4098 de-

497 4139 549 4193 est
568 4125 760 4191 irruendum
781 4124 825 4189 ad
845 4142 1106 4188 mensammore
1122 4123 1297 4207 pecudum.
1531 4124 1582 4186 det
1603 4143 1670 4185 esee
1690 4123 1849 4186 conditam
1869 4131 1976 4188 metuo
1995 4124 2165 4187 caueam
2185 4128 2350 4196 ammonis,
2384 4131 2416 4184 et
2434 4142 2513 4204 qne·

2209 2179 2267 2232 unt
2288 2168 2414 2251 gratias
2436 2164 2513 2230 Deo
2607 2201 2609 2204 >

582 4209 657 4297 Ego
689 4230 757 4275 non
791 4210 907 4275 dubito
933 4228 955 4272 a
982 4205 1137 4274 Patribus
1170 4219 1342 4294 acceptam
1372 4204 1480 4275 fuisse
1531 4209 1605 4272 dam
1625 4208 1779 4271 modam
1799 4229 1915 4272 meam
1936 4230 1977 4273 uc
1995 4218 2145 4292 pestem.
2189 4210 2267 4275 Non
2289 4210 2414 4274 debent
2435 4225 2515 4272 esse
2648 4261 2652 4270 .

496 4293 589 4364 illam
621 4295 906 4374 consuetudinem,
938 4313 1039 4379 quant
1071 4294 1265 4360 observavit
1295 4293 1478 4380 antiquitas
1531 4293 1698 4362 clamores
1719 4305 1754 4361 et
1773 4291 2011 4364 altercationes
2032 4297 2066 4361 in
2090 4297 2267 4374 conviviis,
2301 4293 2412 4380 qualia
2443 4289 2515 4357 fue-

357 4418 359 4423 ·
496 4376 586 4467 a'pnd
608 4391 729 4468 gentes
759 4379 990 4458 honestiores,
1021 4379 1119 4445 utin
1147 4379 1308 4446 conviviis
1329 4377 1481 4445 iacerent
1530 4391 1608 4448 runt
1640 4378 1884 4447 Centaurorum
1923 4392 1957 4447 et
1992 4379 2208 4467 Lapitharum
2246 4381 2409 4447 convivia
2461 4373 2515 4441 nit

496 4469 591 4556 prius
606 4467 832 4550 precationem
848 4462 902 4531 vel
916 4463 1123 4531 libationem:
1145 4463 1241 4531 Sient
1259 4466 1357 4530 etiam
1374 4465 1480 4531 nostri
1531 4464 1667 4533 inerunt
1688 4487 1707 4531 e
1731 4469 1816 4533 uites
1838 4463 2046 4547 Thessaliae,
2074 4477 2108 4531 et
2127 4464 2262 4532 fuerunt
2283 4469 2368 4530 inter
2389 4484 2429 4530 se
2449 4465 2515 4548 pri·

497 4554 642 4620 maiores
675 4570 742 4616 non
775 4547 932 4617 solebant
968 4551 1122 4615 assidere
1149 4552 1195 4616 ad
1226 4567 1376 4616 mensam
1408 4551 1481 4616 sine
1531 4573 1621 4618 mum
1642 4488 1738 4630 socil,
1759 4564 1793 4619 et
1814 4554 1959 4637 praedas
1980 4547 2079 4615 simul
2100 4562 2250 4636 egerunt.
2283 4549 2409 4616 Postea
2430 4547 2514 4615 cele·

497 4638 703 4726 precatione.
756 4633 945 4703 Voluerunt
965 4635 1172 4722 significare,
1200 4637 1303 4702 vitam
1329 4646 1480 4701 nostram
1533 4639 1650 4702 bratae
1671 4645 1750 4702 sunt
1770 4637 1916 4721 nuptiae,
1938 4637 1972 4700 in
1993 4636 2115 4720 quibus
2137 4633 2217 4701 lacti
2231 4647 2311 4702 sunt
2327 4637 2516 4701 discordes.

499 4744 579 4791 esse
601 4743 623 4789 a
643 4721 731 4802 Deo,
753 4732 788 4788 et
808 4741 865 4786 res
886 4717 976 4801 illas,
1004 4722 1124 4806 quibus
1152 4732 1384 4788 sustentantur
1406 4740 1480 4786 cor·
1533 4720 1651 4788 conati
1683 4732 1762 4785 sunt
1796 4741 1915 4807 rapere
1948 4721 2124 4807 coniugem
2156 4721 2307 4800 Pirithoi,
2340 4734 2375 4790 et
2406 4721 2524 4807 perdi·¹

471 4828 598 4897 =pora,
630 4827 709 4874 esse
740 4808 829 4873 dona
850 4805 927 4885 net,
954 4817 988 4871 et
1015 4827 1091 4874 cnm
1123 4804 1221 4873 huius
1253 4803 1355 4872 laude
1385 4825 1481 4872 usur·
1531 4807 1652 4874 derunt
1672 4825 1712 4871 se
1733 4818 1855 4872 mutuo.

498 4895 641 4985 pandas,
661 4906 695 4959 et
716 4894 844 4980 gratias
865 4893 896 4958 ei
1007 4893 1067 4957 dm
1089 4910 1178 4960 esse.
1206 4890 1299 4958 llaec
1315 4892 1483 4977 pertinent
1618 4888 1785 4957 Homerus
1812 4893 1847 4958 in
1875 4889 2033 4976 Odyssea
2058 4892 2217 4958 describit
2236 4889 2295 4959 illa
2323 4892 2516 4973 certamina,

500 4981 545 5048 ad
566 4981 736 5066 pietatem,
757 4990 791 5044 et
811 4998 924 5044 mores
959 4978 1153 5044 ornandos.
1533 4975 1645 5063 qualia
1681 4995 1785 5062 saepe
1820 4977 1972 5043 videmus
2004 4979 2038 5042 in
2071 4980 2255 5058 conviviis,
2287 5000 2355 5044 non
2388 4989 2516 5044 tantum

587 5064 712 5131 Postea
743 5074 817 5129 tota
845 5064 1024 5149 antiquitas
1065 5063 1220 5149 probavit
1252 5062 1351 5130 etiarn
1390 5060 1484 5128 hune
1533 5060 1802 5142 adolescentum,
1846 5062 1902 5147 qni
1933 5063 2017 5128 ebrii
2048 5076 2196 5149 pugnant
2233 5063 2420 5143 cantharis,
2453 5065 2516 5130 sed

500 5171 641 5231 morem,
666 5151 756 5236 quod
778 5168 927 5214 mensam
947 5146 1053 5216 voluit
1073 5168 1151 5216 esse
1171 5145 1348 5216 maltorum
1368 5143 1484 5226 simul3
1534 5148 1634 5214 etiam
1666 5167 1800 5227 senum,
1839 5149 1894 5234 qni
1935 5150 1977 5214 de
2010 5150 2154 5236 negotiis
2188 5150 2316 5214 odiosis
2349 5150 2516 5216 interdurn

502 5248 648 5324 suntque
669 5232 884 5324 pulcherrimi
903 5233 961 5300 isti
981 5254 1119 5303 versus:
1533 5234 1659 5326 tamdiu
1680 5233 1860 5319 disputant,
1881 5236 1991 5300 donec
2012 5232 2242 5300 exulcerentur
2269 5255 2385 5300 eorum
2404 5236 2516 5315 animi,

634 5353 757 5463 a...
773 5363 972 5464 nane
992 5360 1096 5461 ae
1309 5356 1442 5441 m..
1532 5320 1763 5472 artis
1783 5321 2158 5474 sesemen
2179 5339 2218 5386 ι

633 5443 742 5530 ''²⁰⁰'’
763 5464 929 5524 mim*
949 5439 1003 5546 ,a
1023 5446 1081 5529 Μ(
1096 5445 1161 5506 ‘⁹¹'
1179 5445 1262 5525 Μ·
1616 5449 1686 5565 ou
1717 5503 1796 5568 sum
1827 5492 1862 5557 ιιι
1894 5491 2011 5557 uuam
2041 5454 2173 5570 mensa,
2204 5491 2291 5557 aar
2321 5511 2382 5556 aas
2415 5492 2516 5557 asne

374 5610 381 5620 ·
503 5579 544 5649 ld
564 5592 634 5650 este
665 5585 738 5651 Non
768 5587 896 5665 eportet
924 5575 1046 5647 entes
1076 5578 1126 5645 eel
1155 5582 1261 5645 mter
1292 5595 1388 5644 caree
1413 5579 1484 5643 aba
1534 5596 1615 5644 esse
1644 5596 1819 5645 commune
1850 5574 1988 5657 foedus,
2019 5587 2053 5644 et
2082 5577 2216 5644 sincera
2245 5579 2405 5645 amicitiae
2437 5576 2516 5642 ideo
