5934 6709
470 732 537 800 roa
1134 732 1244 802 enin.
1268 731 1371 800 niun.
1394 731 1580 800 scnrrra
1601 702 1864 799 axsuauca
2420 728 2487 796 tot

559 921 689 988 Deinde
716 925 749 987 in
777 925 840 987 liae
868 922 1011 1009 imagine
1045 937 1143 1010 typus
1172 938 1224 989 est
1258 924 1450 1009 propositus
1503 923 1674 986 rationem.
1709 920 1866 987 bionacbi
1884 923 2054 988 dixerunt:
2077 924 2106 985 si
2129 933 2163 986 tu
2185 918 2327 1005 amplius
2350 917 2487 1001 seceris,

472 1006 589 1091 lapsus
613 1009 744 1073 humani
768 1011 913 1094 generis,
937 1022 970 1074 et
993 1010 1228 1095 redemptionis
1251 1031 1311 1092 per
1334 1007 1451 1074 Filium
1503 1006 1598 1072 Deus
1621 1009 1711 1073 dabit
1744 1010 1801 1072 tibi
1829 1009 1927 1072 etiarn
1955 1007 2051 1093 plura
2081 1009 2225 1091 praemia
2261 1016 2392 1071 tuorum
2419 1026 2488 1071 me·

471 1093 548 1159 Dei.
600 1099 653 1161 Bu
680 1100 788 1179 tddrel,
823 1100 946 1178 spricdt
968 1099 1131 1179 Christus,
1164 1100 1208 1162 du
1240 1103 1371 1179 irretiret,
1408 1099 1453 1161 du
1504 1095 1651 1158 ritorum.
1708 1094 1775 1158 Sed
1797 1116 1866 1159 non
1888 1109 1940 1158 est
1968 1114 2048 1159 vera
2074 1092 2160 1159 haec
2188 1093 2365 1157 sententia.
2410 1088 2490 1158 Alia

472 1184 594 1247 donaret
608 1180 715 1266 legem
738 1185 859 1258 baltea,
877 1194 912 1245 tu
934 1181 1042 1247 adbuc
1065 1203 1180 1248 inanes
1202 1183 1348 1247 saucius.
1382 1180 1452 1246 Lex
1477 1222 1481 1283 3
1505 1192 1558 1243 est
1580 1181 1731 1243 doctrina
1753 1177 1971 1259 universalis,
2004 1179 2071 1243 alia
2094 1180 2135 1244 ‹ie
2158 1176 2396 1264 singularibus.
2441 1181 2489 1246 lle

472 1268 529 1331 tibi
552 1288 620 1331 non
643 1265 833 1352 opitulatur,
855 1270 909 1332 die
927 1272 1030 1349 pelea
1050 1273 1206 1351 samer,
1235 1272 1279 1334 dc
1300 1271 1452 1345 1111111111,
1476 1293 1481 1323 .·
1504 1270 1593 1332 dana
1615 1272 1676 1331 root
1690 1286 1782 1348 sepa,
1806 1270 1888 1332 dass
1908 1267 2122 1332 etudiedicus
2137 1272 2188 1331 ein
2206 1268 2371 1346 peledrter
2387 1269 2489 1331 diana

473 1354 562 1438 quod
585 1350 639 1417 lex
653 1368 686 1416 et
703 1357 904 1437 operantcdt
922 1358 1032 1437 deifera
1053 1359 1191 1435 tortian,
1213 1358 1256 1421 1111
1278 1358 1457 1420 rerstedeet
1477 1340 1483 1427 i
1504 1355 1555 1434 ist,
1588 1351 1688 1416 habet
1711 1353 1887 1437 generales
1920 1349 2067 1437 regulas,
2101 1353 2162 1417 ¹sed
2194 1352 2227 1414 in
2261 1348 2489 1435 singularibus

471 1437 582 1524 legem
606 1442 804 1505 semicicli.
849 1437 948 1503 Nulla
972 1462 1046 1518 res,
1075 1439 1165 1504 nulla
1193 1453 1347 1505 creatura
1369 1437 1453 1505 tollit
1477 1435 1484 1561 ἱ
1506 1457 1608 1520 saepo
1632 1440 1793 1524 cundagia
1815 1437 1925 1524 aliqua
1947 1438 2119 1502 dubitatio.
2153 1436 2261 1520 Saepe
2285 1448 2491 1503 concurrunt

473 1537 665 1610 peceatum,
694 1526 755 1589 uisi
773 1522 875 1589 Filius
898 1525 975 1604 Dei,
999 1547 1096 1612 quem
1119 1528 1200 1591 mitti
1224 1528 1386 1612 oportuit,
1418 1539 1455 1592 ut
1478 1564 1483 1621 Ι
1506 1524 1663 1589 contrarii
1675 1527 1797 1600 morbi;
1821 1537 1867 1603 ut,
1889 1526 1923 1588 in
1945 1523 2042 1602 iebn',
2064 1526 2093 1587 si
2117 1524 2240 1587 dedero
2264 1521 2384 1602 calida,
2407 1534 2489 1590 tunc

472 1611 565 1676 fieret
589 1613 731 1677 victima.
1478 1607 1604 1749 plaerio
1639 1629 1737 1693 epar,
1772 1613 1860 1696 quod
1895 1622 1948 1675 est
1965 1611 2149 1674 incensum.
2204 1612 2262 1675 Sol
2291 1630 2366 1675 man
2383 1612 2491 1691 peden

558 1701 619 1763 Hic
635 1705 846 1780 intpcm'tnor
867 1704 1007 1764 merente
1024 1706 1106 1778 ruod
1129 1700 1162 1762 id
1185 1713 1248 1773 est,
1270 1697 1373 1764 Filius
1390 1696 1454 1763 Dei
1506 1695 1624 1760 iridida
1658 1716 1719 1780 pro
1742 1696 1866 1781 Epate,
1897 1708 1964 1760 tum
1998 1693 2140 1760 laeditur
2167 1695 2383 1760 ventriculus.
2428 1693 2491 1762 illa

473 1785 609 1866 imponit
628 1804 690 1847 nus
708 1786 800 1848 (tarni
823 1805 915 1862 strae,
932 1789 999 1865 ieet
1016 1805 1079 1850 uns
1099 1791 1176 1866 cerff
1190 1791 1302 1850 actaea
1324 1789 1455 1867 moden,
1506 1780 1688 1866 singularia
1707 1787 1812 1865 saulieu
1838 1788 1899 1865 offt
1921 1789 1991 1865 sair.
2046 1783 2104 1847 Sic
2136 1782 2169 1845 in
2203 1782 2491 1849 administratione

473 1866 632 1934 transfert
654 1873 686 1934 in
710 1890 843 1934 carnem
866 1890 961 1935 suam
988 1870 1072 1934 iram
1095 1872 1178 1935 Dei:
1207 1885 1340 1934 nostras
1358 1873 1455 1934 mise·
1506 1866 1748 1932 Ecclesiastica
1782 1870 1897 1933 incidit
1929 1888 2031 1951 saepe
2060 1888 2181 1952 magua
2216 1869 2397 1945 dubitatio,
2431 1868 2489 1935 ulti

472 1956 554 2032 rias,
575 1969 759 2039 peccatum,
780 1976 921 2040 poenam
944 1976 1006 2041 pro
1029 1958 1177 2041 peccatis
1200 1958 1328 2021 derivat
1349 1958 1382 2021 in
1405 1976 1454 2020 se.
1506 1973 1591 2038 opus
1613 1965 1664 2018 est
1682 1952 1834 2021 consilio.
1868 1958 1979 2020 Dueon
1999 1964 2074 2036 rapt
2090 1958 2143 2019 die
2164 1956 2226 2019 der
2242 1952 2488 2021 Samaritanusr

473 2044 522 2107 Er
553 2046 612 2122 iipt
646 2041 690 2106 do
722 2063 836 2106 coram
868 2040 943 2106 Deo
978 2042 1095 2120 Patre,
1135 2056 1167 2107 et
1200 2044 1341 2126 suscipit
1373 2045 1454 2107 iram
1507 2041 1587 2103 dicit
1610 2037 1736 2105 saillis
1759 2039 1948 2118 affuturum,
1978 2052 2011 2104 et
2032 2037 2277 2124 persoluturum
2299 2042 2407 2105 etiam.
2451 2040 2492 2109 Si

473 2127 596 2204 Patris,
625 2129 721 2213 quasi
754 2147 794 2193 se
826 2123 1000 2213 polluisset
1032 2127 1128 2193 bisce
1161 2128 1322 2214 peccatis.
1378 2127 1454 2214 ipse
1508 2144 1592 2209 opus
1615 2126 1676 2190 crit
1700 2125 1843 2191 consilio
1877 2139 1910 2191 et
1943 2124 2192 2203 consolatione,
2226 2146 2291 2211 ego
2324 2128 2429 2191 adero
2457 2138 2492 2193 et

475 2224 584 2299 gestat
607 2234 682 2278 nos.
1505 2212 1682 2277 adiuvabo.
1739 2210 1961 2300 Posteaquam
1992 2213 2096 2277 curati
2124 2232 2239 2277 sumus
2261 2214 2295 2276 in
2321 2210 2493 2295 Ecclesia,

1506 2299 1622 2383 recipit
1643 2317 1708 2362 nos
1729 2300 1849 2365 iterum
1870 2301 1904 2364 in
1926 2296 2203 2385 Hierosolymam.

843 2543 1087 2628 Baisamum,
1757 2621 2236 2689 sxauranuarsonn.

561 2722 753 2790 Baisamunt
774 2721 835 2791 fuit
858 2726 1144 2804 efficacissimum,
1173 2734 1217 2793 tat
1243 2747 1281 2794 eo
1309 2734 1363 2793 ebt
1385 2729 1458 2793 edei

355 2856 358 2861 -
474 2816 563 2894 dinc,
582 2833 679 2878 cuna
700 2814 879 2879 dereiner
896 2817 1188 2894 pesedntttenoder
1205 2816 1373 2881 oawrmdt
1389 2813 1456 2895 dat,
1593 2811 1700 2876 Nemo
1721 2824 1834 2897 potest
1855 2815 1938 2877 satis
1962 2815 2073 2879 dicere
2095 2813 2138 2879 de
2160 2815 2371 2880 enarratione
2392 2786 2497 2883 istius

474 2902 544 2964 aad
563 2902 619 2964 irat
641 2902 696 2964 die
713 2901 850 2964 wanden
871 2907 929 2965 mit
945 2898 1103 2965 Balsamo
1121 2903 1313 2980 derbicden,
1335 2919 1373 2966 ro
1395 2907 1457 2966 ists
1507 2898 1605 2964 unius
1624 2896 1814 2985 Evangelii:
1842 2903 1889 2966 Er
1906 2907 1952 2965 ist
1972 2902 2036 2966 aiei
2060 2903 2195 2967 reddacr
2222 2903 2338 2983 <imper
2358 2905 2490 2983 drinac,

474 2992 510 3050 tn
531 2991 636 3051 etnem
663 2994 720 3066 tna
747 2991 847 3065 oanis
873 2989 975 3052 dadin
1004 2991 1150 3068 achedei.
1202 2985 1326 3051 Harum
1359 2986 1456 3052 trium
1508 2986 1688 3049 observate
1709 2985 1848 3068 primum
1870 2986 1992 3051 dictum
2009 2984 2214 3065 Aristotelis,
2236 2990 2297 3054 das
2316 2991 2376 3053 dat
2396 2988 2492 3055 curt·

475 3071 594 3134 artium
632 3069 780 3135 cultores
819 3066 898 3135 iecit
927 3070 1021 3137 Deus
1064 3068 1245 3137 israelitas.
1311 3071 1456 3136 Primum
1506 3078 1578 3137 etue
1600 3074 1685 3136 aucit
1705 3076 1776 3137 aleo
1792 3074 1953 3153 cedciten.
1997 3071 2065 3136 imo
2089 3084 2159 3136 tota
2187 3074 2256 3137 aios
2279 3075 2344 3137 vita
2371 3085 2405 3137 et
2428 3076 2489 3139 do·

474 3154 688 3242 Titeclogos,
721 3156 754 3219 id
788 3167 856 3235 est,
889 3155 992 3223 voluit
1024 3176 1113 3223 esse·
1136 3177 1178 3223 eo
1211 3159 1381 3223 auditores
1405 3158 1456 3221 sui
1508 3158 1615 3222 ctrina
1653 3168 1706 3221 est
1722 3155 1810 3221 talis.
1873 3155 2076 3223 Aristoteles
2100 3160 2195 3236 dicit,
2230 3160 2373 3245 quinque
2405 3177 2488 3225 esse

474 3243 582 3307 verbi:
604 3238 786 3328 Agricolas
809 3255 840 3306 et
858 3241 1058 3309 Bellatores.
1092 3247 1147 3311 Sie
1167 3248 1245 3310 rinei
1264 3249 1354 3310 nicdt
1372 3265 1456 3309 mer·
1506 3244 1700 3307 necessaria
1728 3245 1886 3309 scribenti
1914 3264 2049 3328 poema:
2081 3245 2155 3330 ipse
2176 3241 2320 3330 loquitur
2342 3245 2385 3309 de
2404 3242 2490 3309 'lra-

474 3341 608 3394 catores
631 3349 796 3410 pewesen,
830 3332 891 3395 wie
911 3332 960 3396 eie
987 3332 1099 3396 decad
1122 3334 1214 3412 sind;
1241 3332 1300 3395 sed
1330 3327 1456 3395 habue-
1507 3329 1637 3414 goedia.
1684 3329 1713 3392 1.
1737 3329 1996 3416 Argumentum,
2029 3333 2151 3412 μῦθοςε
2172 3330 2204 3396 id
2226 3342 2297 3409 est,
2325 3333 2373 3397 Er
2399 3349 2493 3398 muer

474 3425 552 3479 runt
586 3415 836 3478 oeconomicam
868 3425 903 3480 et
935 3417 1149 3481 domesticam
1188 3417 1456 3502 negotiationem,
1507 3435 1577 3479 rem
1621 3418 1703 3481 oder
1734 3418 1902 3502 negotium
1935 3419 2060 3500 deden,
2104 3420 2228 3484 dorcon
2257 3439 2296 3484 er
2332 3418 2492 3483 rrdreibe.

473 3500 1331 3652 ppglaeuplrpptaopgpmssegpippp’srpendidemutsappam
1345 3502 1457 3653 vm
1480 3576 1493 3611 ,Ι
1506 3501 1672 3653 bimtffazt
1675 3504 1723 3567 Er
1733 3522 1830 3654 pepusa
1851 3506 1933 3569 card
1953 3506 2054 3652 geder
2075 3507 2212 3654 11111111ιὲ,
2235 3508 2401 3655 dgaapopp
2421 3522 2494 3570 cer.

477 3674 576 3739 idum
606 3632 689 3739 1111111
726 3674 801 3739 Gott
824 3678 878 3739 ein
909 3607 1045 3756 artlnegl
1068 3608 1216 3755 {gipedes
1223 3607 1359 3740 lirerlll
1383 3676 1460 3740 tatu
1507 3599 2494 3757 11111ω1α11111111111811111υ891111111111111111111,ηυῐος1ἱι1ειίεθ11,

452 3761 583 3844 delict,
605 3778 699 3824 wera
720 3762 768 3823 rte
789 3760 834 3825 tin
854 3763 947 3842 terrea
968 3764 1155 3827 remandet
1173 3761 1314 3826 wadan.
1508 3757 1723 3844 Tragoediis,
1758 3771 1791 3824 et
1818 3759 1874 3825 hic
1900 3761 2062 3826 sacerdos
2089 3775 2123 3826 et
2150 3760 2271 3827 Levita
2298 3761 2392 3828 siben
2418 3780 2492 3827 vor·

563 3840 712 3908 Balsami
744 3843 896 3911 fruticem
929 3865 995 3909 non
1034 3842 1127 3910 licuit
1157 3844 1248 3910 iarro
1281 3846 1457 3933 attingere.
1508 3848 1601 3923 aber,
1623 3857 1700 3911 sunt
1722 3843 1890 3925 crudeles,
1908 3857 1942 3910 et
1963 3867 2032 3912 non
2049 3844 2492 3917 afficiunturrnisericordie·

478 3929 565 4003 Quid
587 3926 659 4034 hoc·
676 3930 869 4018 significati
895 3930 1007 4036 ‚⁸¹⁰1st
1033 3932 1124 3996 iemo
1148 3952 1220 4037 pon
1247 3928 1339 3997 licuit
1360 3933 1458 4037 attin:
1510 3930 1739 4036 Samaritanus
1771 3939 1886 4038 stctapt
1913 3934 1972 4011 od,
2006 3942 2039 3998 et
2070 3930 2215 4039 afficitur
2246 3932 2493 4041 misericordias

474 4014 920 4189 stititttttditttt
944 4036 1006 4169 st
1023 4015 1458 4170 ittitttttdlittt
1508 4019 1915 4192 &salsitatis
1935 4018 2258 4173 el‘iilial'iiiii
2277 4027 2340 4171 tt*
2360 4016 2494 4193 itis

445 4191 622 4276 tractari.
665 4194 743 4257 Man
770 4195 821 4257 aci
839 4194 966 4272 leiren,
999 4193 1089 4256 nield
1106 4193 1232 4258 Arttirei
1256 4193 1326 4257 mat
1348 4194 1460 4257 decret
1510 4192 1552 4256 de
1573 4209 1692 4276 regno,
1715 4203 1747 4257 et
1768 4190 1903 4256 locusta
1925 4200 2030 4257 mater
2051 4190 2204 4258 hortatur
2226 4212 2285 4258 eos
2308 4128 2363 4257 al
2374 4210 2493 4277 pacem

475 4280 618 4360 maedan,
639 4278 709 4342 aad
728 4297 796 4343 socr
816 4281 965 4344 1111111111
985 4280 1094 4344 dalton
1116 4283 1177 4358 wit,
1200 4285 1370 4360 awdrpen
1390 4280 1461 4344 artat
1510 4287 1544 4341 et
1564 4277 1732 4341 iustitiam.
1774 4276 1824 4342 ita
1845 4279 1878 4343 in
1901 4275 2041 4363 Virgilio
2063 4277 2152 4343 aliud
2170 4269 2248 4358 ἦθος
2269 4290 2322 4345 est
2342 4279 2494 4357 Aeneae,

477 4365 606 4429 abidan.
650 4363 745 4428 Siout
765 4363 954 4429 Antiochus
975 4360 1073 4444 iecit,
1103 4377 1137 4429 et
1164 4363 1458 4430 Nabuchdonosor
1509 4360 1598 4428 aliud
1620 4361 1788 4430 Mezentii.
1821 4362 1882 4429 ille
1903 4361 2057 4450 placidus
2080 4378 2144 4444 est,
2166 4367 2286 4444 iustus,
2307 4362 2512 4444 beneficus,

475 4449 581 4514 erexit
601 4460 756 4515 statuam.
812 4448 933 4516 Vinum
953 4448 1056 4516 habet
1082 4452 1147 4515 rim
1170 4449 1354 4530 mordendi,
1381 4470 1459 4535 pur·
1509 4447 1617 4529 fortis,
1641 4461 1675 4514 et
1695 4452 1939 4557 magnanimus:
1962 4449 2149 4517 Mezentius
2172 4463 2225 4517 est
2247 4447 2408 4530 crudelis,
2430 4453 2493 4518 das

499 4536 588 4615 andi,
609 4533 856 4615 mundificandi,
887 4548 1036 4602 removet
1056 4556 1140 4620 pus,
1169 4534 1327 4622 prohibet
1347 4548 1458 4621 putre·
1509 4537 1588 4603 eiad
1607 4536 1741 4601 diversa
1762 4542 1842 4616 ηθηε
1872 4537 1907 4602 id
1939 4549 2010 4614 est,
2043 4538 2234 4603 discrimina
2258 4555 2492 4623 personarum.

474 4555 664 4689 lectionem.
703 4618 894 4687 Balsamum
916 4634 970 4687 est
994 4624 1179 4690 sanativum
1201 4634 1233 4688 et
1256 4623 1456 4690 curativum:
1509 4623 1542 4690 4.
1564 4612 1696 4685 διάνοιαι
1729 4622 1851 4695 idest,
1885 4633 2016 4708 oportet
2048 4643 2126 4688 esse
2159 4621 2416 4711 applicationem
2448 4621 2494 4689 ad

475 4713 523 4778 ist
537 4711 662 4777 ltedttcd
683 4711 754 4774 aad
771 4708 849 4774 111111
1511 4705 1866 4789 commonefactiones,
1899 4729 1968 4776 war
1998 4714 2084 4776 cotta
2115 4713 2239 4777 dorcas
2266 4712 2392 4776 lemen.
2446 4705 2494 4775 Ut

1511 4791 1665 4858 Christus
1687 4791 1843 4880 applicat.
1886 4793 1955 4860 iste
1976 4810 2047 4862 eret
2075 4797 2105 4860 ei
2125 4798 2306 4882 proximus.
2357 4794 2436 4861 lloo
2456 4806 2494 4861 tu

1510 4898 1643 4965 quoque
1664 4877 1731 4959 iae,
1763 4884 1824 4947 das
1846 4887 1891 4948 ar
1910 4880 2037 4987 damea.
2082 4881 2138 4946 ste
2162 4883 2279 4947 videtis
2302 4882 2335 4946 in
2359 4877 2495 4987 Virgilii

551 5038 662 5145 Qua
692 5041 789 5124 naa
820 5052 900 5123 aa
930 5052 965 5117 a
983 5053 1062 5134 ,aa
1075 5051 1383 5135 aenaeae
1508 4977 1660 5131 stit?
1675 4966 2498 5140 dita‘stittitttfflttrfflt,itti

1508 5141 1745 5221 resibilante
1764 5141 1919 5206 aureum
1940 5147 2060 5221 moniti,
2089 5149 2123 5207 et
2140 5160 2206 5206 nora
2223 5150 2368 5208 temnere
2389 5143 2494 5208 1111111.

563 5222 636 5289 Lex
674 5237 708 5288 et
740 5218 957 5308 Evangelium
993 5235 1045 5288 est
1085 5222 1239 5290 doctrina
1278 5221 1456 5311 generalis.
1509 5229 1578 5291 lios
1599 5229 1676 5291 aad
1690 5223 1948 5311 applicationes,
1980 5225 2035 5292 vel
2056 5225 2185 5305 διάνοια,
2214 5249 2289 5292 cum
2322 5225 2494 5294 Homerus

476 5310 603 5377 Postea
629 5311 664 5374 in
692 5309 976 5374 administratione
1003 5322 1037 5375 et
1064 5311 1198 5375 casibus
1229 5308 1456 5400 singularibus
1509 5313 1614 5397 pingit
1635 5313 1750 5377 socios
1767 5310 1914 5400 Ulyssis,
1938 5314 2037 5397 quod,
2083 5314 2193 5378 nando
2210 5310 2340 5378 Aeolus
2356 5310 2496 5381 inclusit

475 5417 580 5550 pappa
600 5416 685 5547 opu}
707 5393 1116 5548 estbcorpmoneiactione,
1149 5394 1313 5547 copsilio,¹
1331 5417 1457 5502 ‘conso-
1508 5408 1629 5463 ventos
1650 5400 1684 5464 in
1706 5410 1810 5504 utres,
1833 5399 2016 5506 dormiente
2103 5419 2174 5548 else,
2189 5401 2279 5505 ,socii
2302 5400 2495 5506 cogitantes

475 5497 654 5638 dits,
676 5504 765 5634 tt
788 5485 1457 5656 ‘ttittdtta'istitut'tt
1507 5484 2496 5659 111111111111111111,111111111ἱῖ

475 5659 615 5726 mdbus
634 5656 776 5736 nostra,
797 5668 832 5723 et
851 5658 887 5722 in
907 5654 961 5722 bis
982 5656 1142 5744 promittit
1152 5650 1309 5723 amilium
1321 5666 1356 5724 et
1373 5655 1456 5724 libe·
1507 5654 1648 5724 stultitia
1668 5671 1846 5725 accersam
1860 5655 2023 5746 pericula:
2044 5671 2082 5727 ut
2092 5656 2211 5746 aliquis
2222 5669 2342 5747 posset
2361 5659 2494 5727 dicerer
