5934 6709
504 632 508 645 “
537 627 603 695 itt
1178 622 1294 693 nm.
1314 620 1419 691 tm.
1440 622 1629 692 SGRM'A
1648 620 1913 691 amamus„
2003 562 2010 569 ι
2482 622 2552 691 2⁰⁰

536 816 634 883 etiam
655 834 742 904 qnos
765 815 977 902 suspicantur
999 825 1147 897 tuntum,
1167 834 1235 881 non
1256 815 1401 899 probare
1422 813 1514 964 ipso·
1536 810 1542 871 l
1566 812 1706 961 putendi,
1737 810 1769 876 is
1791 808 2105 916 cumulat-peccata
2125 811 2292 915 peccatis3
2324 810 2402 898 quie
2421 812 2552 879 deridet

535 924 607 968 runi
630 905 825 989 impietates.
866 900 982 968 Statim
1003 900 1065 967 fuit
1085 903 1151 967 iste
1172 898 1267 967 saror
1287 902 1320 965 in
1337 921 1424 1049 para
1450 900 1514 979 iso,
1601 918 1692 977 eum,
1725 908 1897 964 ettamen
1925 896 2059 965 simulat
2079 898 2324 982 poenitentiam.
2368 893 2551 965 Absolutis

534 990 569 1055 ln
591 983 743 1067 diabolo,
764 999 882 1074 postea
904 990 938 1052 in
961 985 1038 1053 filiis
1060 988 1179 1054 Adam.
1223 984 1314 1052 Talis
1351 1006 1431 1050 uror
1452 984 1514 1052 fait
1567 1002 1681 1048 coram
1714 982 1871 1049 Ecclesia
1903 985 2003 1049 debet
2035 982 2108 1048 lieri
2139 985 2203 1048 isto
2236 984 2356 1058 modo;
2395 980 2551 1051 videlicet

534 1074 568 1139 iii
591 1072 674 1140 Saul
696 1076 859 1140 adversus
881 1072 1062 1153 Davidem,
1090 1086 1124 1139 et
1148 1068 1384 1139 universaliter
1406 1084 1458 1137 est
1480 1074 1514 1136 iii
1567 1071 1700 1154 quando
1724 1070 1943 1136 ostendantur
1963 1070 2325 1155 signa'conversionis.

534 1159 557 1225 b
605 1161 719 1225 ceritis
758 1162 923 1226 adversus
964 1180 1064 1226 veros
1103 1159 1308 1246 prophetas,
1347 1158 1512 1224 adversus
1652 1155 1699 1220 lta
1722 1153 1838 1220 mulier
1859 1158 1924 1220 ista
1946 1156 2054 1240 diiipit
2073 1158 2218 1235 inedium,
2252 1156 2378 1234 idest,
2404 1157 2551 1223 ostendit

534 1244 721 1325 Cristuin,
753 1248 918 1313 adversus
952 1244 1155 1331 Apostolos,
1193 1257 1227 1310 et
1258 1247 1310 1310 sic
1342 1245 1513 1329 deinceps.
1564 1242 1661 1327 signa
1685 1243 1934 1319 conversionis3
1969 1243 2115 1307 ostendit
2136 1262 2241 1326 opera
2263 1238 2469 1317 dilectionis;
2490 1243 2549 1309 lia·

534 1332 594 1398 Sic
615 1331 770 1398 Ecclesia
800 1334 967 1419 premitur.
1005 1333 1076 1393 die
1098 1336 1140 1394 ist
1157 1333 1217 1394 das
1240 1331 1393 1411 srealein,
1451 1350 1513 1396 nae
1564 1329 1621 1393 bet
1656 1325 1864 1393 dilectionem
1897 1340 1930 1393 ct
1963 1328 2072 1393 fidem.
2131 1326 2199 1392 lsta
2233 1326 2456 1412 Synccdoche
2495 1339 2549 1394 est

534 1429 589 1484 est
621 1421 654 1485 in
689 1421 766 1485 odio
805 1432 838 1484 et
875 1431 1005 1484 contem
1031 1430 1067 1485 tu
1105 1416 1372 1484 Pharisaeorum.
1428 1418 1514 1482 bunt
1564 1410 1824 1496 simplicissima:
1846 1413 1938 1502 Ergo
1960 1412 2060 1480 liabet
2076 1415 2305 1479 remissionem
2321 1425 2549 1497 peccatorum,

534 1502 695 1591 pulchrae
716 1507 891 1591 imagines.
926 1505 994 1569 lni
1059 1518 1112 1571 est
1132 1503 1309 1576 humilitas,
1329 1515 1363 1568 et
1384 1523 1514 1568 sumnia
1563 1519 1632 1563 non
1653 1519 1714 1584 per
1736 1498 1961 1579 dilectionem,
1984 1502 2045 1565 sed
2066 1521 2127 1603 per
2149 1498 2266 1576 fidem;
2292 1501 2368 1585 quia
2387 1501 2494 1566 credit
2513 1503 2550 1567 iu

534 1591 721 1657 reverentia
738 1611 819 1677 erga
841 1589 1020 1671 Christum,
1041 1593 1074 1657 in
1092 1589 1149 1657 illa
1167 1604 1219 1657 est
1240 1591 1337 1670 lidae,
1355 1602 1389 1654 et
1411 1609 1513 1675 opera
1564 1582 1694 1650 Filium.
1737 1585 1861 1651 Postea
1883 1586 2038 1651 Christus
2071 1588 2219 1651 invertit:
2250 1585 2314 1650 Uni
2338 1589 2470 1652 niaitam
2496 1607 2548 1652 re·

535 1676 771 1755 consessionis,
794 1699 880 1763 quae
903 1680 1055 1744 oriuntur
1076 1700 1117 1744 ex
1136 1676 1301 1761 profundo
1320 1677 1432 1741 cordis
1455 1695 1512 1762 ge·
1563 1673 1955 1751 iniectaminiectam
1972 1674 2035 1737 dili
2060 1674 2097 1748 ἐς
2130 1674 2185 1736 cat
2259 1692 2330 1737 ram
2362 1676 2549 1758 remittitur,

533 1764 623 1828 initu.
668 1762 705 1828 lii
734 1763 916 1830 Pharisaeo
939 1775 992 1829 est
1013 1764 1199 1843 fastidium,
1220 1764 1397 1849 superbia,
1419 1782 1513 1827 arro·
1563 1776 1682 1843 peram
1704 1758 1822 1842 dtuptt.
1866 1757 1929 1822 list
1946 1756 2023 1845 pulc
2048 1779 2087 1824 ra
2104 1778 2209 1822 conso
2246 1762 2299 1825 tio.
2344 1757 2549 1825 Excruciant

534 1850 656 1937 gantia.
1566 1844 1802 1909 conscientiam
1834 1842 2007 1911 multitudo
2041 1856 2075 1910 et
2106 1846 2298 1932 magnitudo
2320 1859 2549 1930 peccatoram,

1565 1933 1652 1996 sicut
1674 1931 1807 1996 videtis:
1840 1927 1935 1996 lllulti
1962 1928 2114 1996 homines
2137 1929 2261 1997 habent
2283 1933 2465 1997 certamina
2486 1930 2549 1998 dis·

1565 2015 1678 2095 ficilia,
1700 2017 1834 2120 quando
1856 2014 1985 2123 aliquis.
1998 2017 2100 2123 habet
2110 2014 2245 2120 aliquod
2262 2018 2388 2097 vitium,
2410 2014 2547 2170 ulipuod

896 2173 1152 2247 ιοοοοο
1566 2101 2227 2275 iiiir.,i.tiiitiiiiinteri
2248 2102 2547 2271 trinitat

560 2336 631 2418 An
662 2337 888 2419 habeamus
919 2336 1195 2420 remissionem
1226 2349 1485 2449 peccatorum
1564 2286 1877 2446 {pulppcptumpppp
1890 2272 2548 2447 mltllanldildlllhsaellgrllllitprlillildl

573 2519 646 2601 per
676 2491 823 2595 fidem.
855 2520 909 2573 an
939 2519 1037 2572 vero
1069 2490 1462 2602 perdilectionem
1565 2446 2070 2599 tirunfnltimtir.
2092 2445 2248 2600 iiiii.
2264 2468 2547 2624 ibiibi

1421 2634 1423 2639 ·
1563 2629 1599 2682 ut
1623 2617 1731 2683 David
1754 2618 1847 2684 fieret
1869 2617 2000 2685 adulter
2022 2633 2055 2686 et
2076 2619 2257 2693 homicida,
2291 2623 2352 2685 sed
2374 2633 2410 2687 ut
2432 2620 2545 2708 paula·

618 2704 773 2771 Christus
802 2707 896 2772 dicit:
930 2706 1071 2768 Remissa
1100 2716 1171 2770 anit
1198 2711 1229 2769 ei
1245 2715 1382 2789 peccato
1403 2707 1510 2780 orado,
1563 2705 1621 2768 tim
1646 2703 1821 2770 cumulatis
1843 2708 1960 2790 poenis
1984 2721 2017 2771 et
2037 2709 2206 2792 peccatis,
2228 2720 2357 2787 rueret,
2382 2710 2470 2773 sicut
2493 2729 2546 2773 ce·

531 2796 677 2875 qnoniam
699 2791 816 2853 ‹lilecit
837 2792 977 2853 nmltnm:
1006 2804 1125 2876 postea
1150 2806 1260 2859 tamen
1285 2795 1380 2858 dicit:
1414 2794 1513 2855 hides
1565 2791 1643 2854 cidit
1665 2789 1760 2869 Saul,
1784 2803 1817 2855 et
1837 2793 2012 2857 intricatus
2035 2794 2164 2878 poenis,
2187 2793 2331 2877 periret,
2354 2794 2442 2861 sicut
2464 2790 2545 2861 Saul

532 2887 587 2941 tao
609 2886 639 2940 tc
655 2877 771 2939 salvom
788 2881 880 2957 fecit.
924 2875 1138 2944 Manifestum
1160 2892 1228 2958 est,
1250 2900 1315 2944 nos
1338 2878 1403 2943 fide
1424 2880 1512 2943 occi·
1563 2877 1716 2961 perierat.
1761 2876 1811 2941 Eo
1833 2878 2002 2943 tendebat.

531 2985 612 3051 pere
633 2964 863 3030 remissionem
882 2977 1114 3048 peccatorum3
1136 2968 1213 3051 quia
1230 2967 1324 3030 dicite
1342 2966 1439 3027 lide:
1456 2974 1512 3027 tuo
1649 2961 1698 3027 lta
1732 2960 1899 3028 Diabolus
1931 2962 2055 3030 multos
2098 2975 2199 3031 vexat
2237 2964 2353 3029 eadem
2385 2977 2476 3043 arte,
2512 2977 2545 3030 et

531 3050 650 3112 ecloum
668 3058 698 3112 te
715 3052 805 3129 fecit.
838 3048 881 3116 Et
902 3051 987 3114 fides
1010 3072 1077 3117 non
1101 3062 1211 3134 potest
1232 3049 1331 3117 simul
1352 3054 1409 3118 niti
1433 3070 1511 3135 ape-
1563 3047 1661 3113 simili
1680 3047 1800 3114 fraude
1821 3050 1995 3114 insidiatur
2015 3048 2177 3135 plurimis,
2209 3062 2245 3117 ut
2265 3069 2326 3115 eos
2348 3053 2547 3135 praecipitet

532 3138 642 3212 ribus3
665 3138 742 3222 quia
758 3134 842 3200 fides
858 3133 1004 3201 excludit
1020 3138 1209 3223 dignitatem
1226 3148 1385 3204 nostram.
1419 3138 1511 3204 ldem
1562 3154 1605 3199 ex
1626 3155 1694 3201 uno
1717 3132 1839 3201 delicto
1862 3136 1894 3199 in
1916 3132 2015 3201 aliud.
2049 3135 2194 3202 Primum
2215 3145 2321 3201 tentat
2341 3155 2405 3200 nos
2422 3133 2544 3216 levius,

533 3235 601 3288 est:
624 3221 831 3304 Imtificmnur
844 3222 918 3303 fide,
935 3230 965 3285 et
980 3225 1182 3305 iaetificcmur
1191 3227 1306 3306 pratis,
1326 3223 1465 3290 Roman.
1477 3223 1509 3289 3.
1561 3233 1599 3287 ut
1621 3241 1663 3286 ex
1685 3241 1800 3287 errore
1822 3220 2070 3308 delinquamus3
2092 3235 2211 3308 postea
2231 3222 2319 3307 rapit
2336 3224 2369 3287 in
2385 3218 2544 3309 alia—gra·

531 3307 731 3391 δικαιούμενοι
759 3306 878 3395 deperiri
905 3315 944 3393 τῇ
971 3308 1060 3374 αὐτοῦ
1085 3302 1199 3397 χάριτι.
1251 3309 1294 3376 Et
1319 3309 1458 3376 Roman.
1476 3311 1509 3375 t.
1560 3307 1673 3373 viciat
1708 3319 1776 3373 tum
1805 3309 1940 3374 veniunt
1960 3329 2106 3394 poenaet
2141 3328 2182 3373 eii
2203 3308 2321 3393 poenis
2342 3309 2459 3374 iterum
2479 3309 2546 3372 rui·

530 3395 609 3460 ideo
631 3415 674 3457 ex
690 3397 769 3475 fide,
792 3404 827 3457 at
847 3395 1013 3457 ecomdum
1033 3400 1187 3477 prodam,
1215 3400 1249 3458 iii
1265 3395 1340 3470 hoc,
1368 3405 1402 3459 nt
1420 3400 1510 3479 firmo
1561 3414 1635 3458 mus
1657 3395 1690 3459 iii
1713 3390 1779 3459 ulia
1824 3407 1951 3461 cecata.
1980 3396 2092 3481 Saepe
2102 3394 2256 3459 homines
2269 3391 2370 3460 stulte
2380 3395 2545 3460 medendo

529 3484 573 3543 eit
589 3483 773 3562 prornisiio.
819 3480 856 3545 Si
877 3482 1056 3566 promissio
1078 3494 1171 3547 esset
1199 3480 1449 3567 conditionalis3
1475 3482 1509 3547 id
1560 3479 1667 3560 malis,
1700 3500 1775 3547 cuin
1812 3493 1880 3547 amt
1903 3479 2007 3561 mala,
2041 3493 2074 3546 et
2095 3480 2178 3547 liunt
2198 3482 2313 3565 priora
2333 3478 2423 3548 mala
2455 3482 2545 3547 dete·

531 3579 602 3645 est,
631 3568 661 3630 si
694 3568 854 3631 niteretur
880 3577 997 3632 nostra
1025 3568 1200 3652 dignitate,
1245 3584 1338 3633 esset
1369 3569 1508 3633 incerta.
1559 3567 1660 3647 riora,
1682 3578 1719 3633 ut
1739 3568 1873 3635 dicitur:

532 3650 610 3719 ldeo
633 3653 890 3735 promissionem
912 3652 1040 3737 gratiae
1062 3665 1194 3737 oportet
1216 3673 1295 3720 essa
1318 3655 1508 3741 gratuitam.

619 3737 732 3811 Quare
750 3756 831 3823 ergo
850 3738 941 3803 dicit:
963 3737 1044 3800 Srmt
1060 3742 1090 3800 ei
1105 3743 1234 3801 remissa
1252 3748 1390 3820 paramo
1401 3739 1508 3813 malta,

530 3827 605 3906 quiin
627 3823 744 3886 dilexit
764 3822 909 3889 maltram‘i
952 3821 1063 3910 Aliqui
1096 3824 1218 3891 callide
1250 3824 1395 3892 solvunt.
1439 3826 1509 3892 Sed

497 3974 499 3978 ,
531 3930 595 3975 eo
639 3930 708 3974 non
757 3930 833 3975 amo
884 3906 1023 3975 callidas
1066 3922 1100 3976 et
1136 3923 1267 3976 astutas
1312 3911 1510 3979 solutiones.
1603 3910 1780 3974 Adversus
1792 3911 1887 3975 istam
1899 3908 2138 3977 multitudinem
2151 3923 2184 3977 et
2199 3911 2545 3996 magnitudinempee·

563 4016 602 4062 os
632 3994 877 4080 simplicissime
912 3997 1024 4062 dicere
1056 3999 1216 4083 potestis3
1248 4001 1510 4086 Argumentatur
1561 4010 1710 4060 catorum
1744 3997 1904 4061 debemus
1938 3995 2065 4062 habere
2096 3995 2373 4075 consolationem.
2418 3994 2546 4070 Quam?

530 4084 572 4149 ab
596 4081 729 4148 effectu:
752 4081 879 4144 Dilexit
900 4081 1039 4155 multura,
1069 4084 1102 4147 id
1126 4094 1196 4163 ast,
1225 4082 1327 4150 habet
1354 4083 1452 4149 fidem
1475 4095 1510 4149 et
1561 4081 1685 4147 Gratia
1705 4083 1862 4148 emberat
1883 4103 1988 4166 capro
2010 4084 2169 4149 delictam.
2207 4083 2285 4149 Hoc
2306 4084 2430 4155 dictum
2447 4082 2545 4147 debet

530 4167 751 4234 dilectionem.
807 4168 879 4233 Nec
908 4180 1018 4233 tamen
1045 4170 1122 4234 inde
1144 4172 1311 4273 sequitur,
1340 4171 1430 4320 pund
1453 4171 1510 4236 de·
1561 4187 1639 4233 esse
1653 4170 1836 4234 communis
1849 4167 1977 4255 regula,
1991 4190 2077 4256 qnae
2089 4190 2222 4256 semper
2234 4170 2278 4234 sit
2296 4170 2329 4234 in
2349 4180 2544 4254 conspectu.

531 4258 608 4320 beat
629 4256 755 4320 habere
777 4253 932 4320 fiduciam
953 4275 1035 4320 snae
1058 4257 1239 4341 dignitatis.
1294 4256 1340 4322 Se
1386 4258 1510 4322 bonum
1561 4253 1665 4321 Filius
1687 4253 1751 4320 Dei
1774 4256 1871 4320 debet
1916 4253 1997 4321 luris
2022 4256 2113 4335 fieri,
2146 4277 2243 4340 quum
2277 4267 2382 4320 totuin
2404 4274 2544 4343 regnam

530 4353 584 4406 est
604 4361 666 4426 pro
689 4342 828 4406 rudibus
851 4351 965 4405 tenere
987 4338 1077 4407 illam
1100 4339 1310 4407 solutionem.
1561 4342 1703 4427 peccati.
1758 4338 1861 4406 Filius
1929 4343 1958 4407 ci
1992 4344 2198 4407 existimetur
2230 4344 2414 4426 potentior,
2446 4362 2544 4429 quani

618 4424 753 4512 Duplex
781 4437 835 4491 est
861 4425 1042 4492 absolutio.
1091 4427 1167 4493 Una
1190 4438 1242 4493 est
1263 4425 1432 4494 absolutio
1455 4448 1510 4494 co·
1561 4440 1665 4493 totuin
1687 4448 1826 4514 regnum
1848 4426 1994 4493 Diaboli.
2039 4428 2143 4494 Filius
2165 4427 2229 4492 Dei
2250 4448 2316 4492 non
2340 4428 2439 4493 debet
2467 4447 2544 4495 coii-

529 4532 600 4577 ram
624 4511 715 4576 Deo:
745 4523 777 4576 et
804 4510 910 4577 altera
940 4511 1107 4578 absolutio
1131 4525 1182 4579 est
1205 4535 1318 4580 coram
1340 4513 1509 4580 Ecclesia.
1563 4517 1682 4591 temni,
1717 4535 1784 4579 non
1820 4516 1919 4579 debet
1950 4516 2089 4580 iudicari
2123 4513 2262 4580 debilior
2290 4512 2447 4579 Diabolo.
2491 4512 2543 4577 Fi·

529 4595 708 4663 Absolutio
738 4619 850 4663 coram
877 4595 970 4677 Deo,
1005 4598 1042 4663 fit
1070 4601 1182 4666 audita
1210 4621 1294 4665 voce
1323 4599 1509 4687 Evangelii,
1562 4597 1627 4664 lius
1668 4597 1731 4664 Dei
1772 4612 1826 4664 est
1869 4603 2053 4684 potentior,
2112 4622 2211 4686 quani
2250 4601 2358 4665 omnis
2396 4598 2545 4687 potentia

530 4696 563 4749 et
596 4683 661 4749 fide
694 4685 879 4768 accipiente
912 4687 1141 4752 remissionem
1173 4698 1405 4770 peccatorum,
1444 4707 1512 4772 qua
1563 4688 1657 4771 regui
1680 4683 1824 4751 Diaboli.
1869 4685 1944 4750 Non
1979 4688 2084 4751 debes
2117 4683 2319 4752 conculcare
2345 4682 2446 4752 lilium
2468 4682 2545 4765 Dei,

1647 3686 1804 3752 &rorida
1824 3686 1900 3772 fieri
1918 3688 2079 3772 macedam
2099 3688 2217 3773 peiora
2238 3687 2386 3753 eidemin

1653 3771 1806 3851 Vidnerc,
1828 3792 1912 3857 quoe
1932 3776 2047 3839 inclina
2067 3792 2132 3839 tion
2153 3775 2299 3859 tetigisse
2315 3770 2393 3855 luia

530 4772 737 4838 conscientia
770 4772 816 4834 eri
843 4773 907 4835 itur
935 4782 968 4834 ct
990 4773 1063 4836 acci
1088 4773 1113 4836 it
1135 4769 1407 4838 consolationem.
1452 4772 1511 4836 Al·
1563 4792 1629 4835 non
1669 4772 1772 4837 debes
1810 4791 1884 4836 aum
1927 4768 2127 4838 contumelia
2165 4771 2313 4838 afficere.
2367 4772 2417 4838 lta
2448 4770 2545 4836 Chriss

528 4869 602 4921 tera
624 4854 792 4923 absolutio
814 4791 851 4921 ξι
874 4877 986 4922 coram
1001 4793 1173 4942 Ecclesia3
1190 4871 1226 4924 ut
1247 4856 1364 4923 mulier
1385 4856 1442 4923 illa
1455 4860 1512 4924 ab·
1563 4869 1637 4922 stus
1658 4857 1715 4923 hic
1739 4858 1832 4922 dicit:
1868 4856 1932 4923 Oai
1949 4861 2128 4925 remittitur
2149 4861 2295 4939 madiam,
2328 4860 2383 4924 ille
2414 4858 2548 4924 muitum

529 4939 672 5008 solvitur
694 4964 807 5008 coram
824 4941 1017 5009 Pharisaeo.
1061 4944 1106 5009 Et
1126 4946 1231 5010 verba
1251 4941 1325 5009 illa:
1353 4944 1441 5023 Quia
1461 4947 1511 5011 di·
1563 4944 1679 5029 di'li'qi't.
1724 4941 1927 5009 Consolatur
1959 4946 2074 5023 istum,
2108 4947 2162 5010 cui
2190 4943 2327 5010 multum
2356 4945 2546 5009 remittituri

529 5030 608 5093 lecit
625 5033 770 5106 multum,
803 5031 845 5095 ad
878 5027 1093 5096 Pharisaeum
1122 5032 1287 5097 dicuntur.
1331 5027 1511 5097 Absolutio
1564 5042 1597 5095 et
1620 5032 1699 5095 dicit
1720 5030 1786 5096 hoc
1807 5031 1954 5097 vicissim
1976 5029 2133 5110 futurum,
2164 5032 2255 5097 utin
2278 5028 2349 5111 illo,
2371 5038 2548 5096 crescente

531 5134 645 5180 coram
678 5114 848 5192 Ecclesia,
882 5116 982 5182 debet
1007 5117 1055 5182 ita
1083 5117 1173 5198 fieri,
1204 5128 1239 5183 ut
1261 5127 1393 5185 exstent
1414 5118 1511 5202 signa
1535 5129 1540 5149 ¹
1564 5114 1641 5189 fide,
1665 5129 1822 5183 crescant
1842 5118 1941 5182 etiam
1965 5130 2097 5184 caetera
2118 5120 2219 5197 dona,
2242 5119 2330 5184 sicut
2346 5117 2393 5182 lit.
2436 5112 2547 5182 Multa

531 5202 763 5267 conversionis
791 5202 823 5267 in
857 5200 1057 5268 hominibus.
1106 5202 1247 5277 Quando
1281 5204 1356 5289 quis
1389 5205 1512 5268 retinet
1563 5214 1596 5268 et
1616 5222 1737 5291 inagna
1758 5215 1899 5289 peccata
1930 5224 1997 5269 non
2019 5216 2162 5290 possunt
2194 5204 2294 5281 vinci,
2326 5202 2391 5269 nisi
2421 5222 2550 5288 magna

529 5284 667 5352 alterius
690 5288 884 5373 coniugem,
905 5286 999 5353 nullo
1021 5291 1120 5355 modo
1143 5290 1241 5355 debet
1262 5288 1413 5367 absolvi3
1434 5290 1511 5375 quia
1565 5302 1599 5354 et
1620 5291 1747 5355 ardenti
1770 5288 1845 5354 fide.
1889 5291 2024 5356 Ardeus
2047 5302 2081 5355 et
2101 5311 2223 5378 magna
2256 5289 2341 5356 fides
2363 5291 2449 5374 parit
2475 5308 2549 5355 nia·

529 5382 657 5438 tantuin
679 5373 806 5438 deridet
829 5372 1091 5457 absolutionem,
1124 5389 1158 5441 et
1179 5375 1245 5443 hoc
1267 5387 1389 5456 totuin,
1420 5380 1512 5482 qnod
1564 5396 1663 5462 gnam
1684 5371 1909 5454 humilitatem,
1930 5374 2137 5442 dilectionem
2161 5390 2194 5443 et
2213 5376 2552 5459 circumspectionem

529 5460 576 5524 ibi
608 5461 746 5548 geritur.
791 5458 930 5532 Quando
965 5462 1040 5545 quis
1073 5482 1140 5526 non
1172 5463 1274 5529 habet
1304 5476 1511 5549 propositum
1562 5464 1734 5542 maiorem,
1756 5484 1853 5548 quain
1876 5475 1928 5527 est
1950 5464 1983 5528 iu
2004 5460 2092 5528 aliis.
2124 5460 2187 5529 Est
2210 5461 2319 5530 dulcis
2343 5458 2551 5549 consolatio,

530 5547 746 5614 convertendi
779 5566 835 5627 se,
858 5548 919 5612 sed
941 5550 1189 5633 perseveratio
1212 5551 1385 5636 proposito
1409 5548 1511 5616 delin-
1563 5569 1662 5636 quam
1683 5547 1784 5615 hodie
1806 5549 1923 5616 discite
1944 5561 1979 5614 et
1999 5550 2146 5635 repetite.
2526 5546 2550 5647 Ἰ
