5934 6709
1060 679 1147 747 51
1728 717 1733 721 -
2339 677 2560 744 pult..
2605 676 2814 744 MEL.
2859 675 3236 745 SCRIPTA
3275 675 3805 754 EXEGETICA.

1503 743 1535 774 S

1063 869 1431 953 opiparum.
1562 865 1781 931 Utitur
1852 863 2180 950 particula
2255 862 2665 943 universali,
2742 864 3028 929 omuibus

1059 956 1365 1039 populus:
1432 961 1501 1017 et
1541 952 1754 1016 addit:
1821 958 1890 1017 in
1928 952 2180 1030 Monte,
2246 953 2403 1037 quia
2457 947 2599 1017 vult
2654 947 3028 1016 Ecclesiam

1063 1041 1281 1106 audiri
1328 1050 1394 1102 et
1439 1037 1757 1121 conspici.

1240 1124 1378 1187 Sed
1436 1142 1570 1186 non
1638 1121 1909 1186 veniunt
1973 1140 2205 1186 omnes
2270 1121 2358 1185 ad
2421 1119 2556 1185 hoc
2613 1119 3023 1200 convivium3

1006 1260 1026 1278 .
1064 1229 1200 1273 non
1247 1209 1565 1273 obediunt
1586 1206 1736 1271 Deo
1781 1209 2072 1286 vocanti,
2120 1226 2254 1269 non
2297 1202 2786 1290 amplectuntur
2807 1203 3024 1268 Evan-

1065 1293 1328 1381 gelium.
1415 1291 1607 1357 Alius
1653 1303 1933 1356 excusat
1974 1313 2077 1370 se,
2122 1294 2304 1376 quod
2348 1293 2581 1356 emerit
2624 1311 2857 1375 agrum
2902 1308 3026 1355 seu

1060 1380 1425 1464 praedium,
1468 1376 1640 1443 alius
1685 1379 1863 1462 quod
1931 1377 2163 1442 emerit
2228 1379 2517 1462 quinque
2581 1376 2740 1460 iuga
2797 1376 3022 1450 boum,

1062 1467 1295 1531 tertius
1348 1485 1433 1527 ne
1471 1464 1732 1548 quidem
1775 1464 2083 1530 excusari
2127 1482 2205 1527 sc
2246 1464 2438 1547 petit=
2506 1460 2786 1526 Uxorem
2840 1460 3024 1538 duxi,

1061 1555 1191 1616 vion
1227 1570 1489 1633 possum
1530 1551 1772 1613 venire.

1237 1636 1361 1699 Hic
1405 1654 1538 1698 non
1584 1645 1688 1697 est
1732 1653 1905 1717 opus
1949 1629 2350 1716 scrupulosa
2371 1631 3023 1705 accommodatione3

1054 1722 1187 1790 ,sed
1232 1721 1600 1804 cogitemus
1644 1720 1710 1783 in
1806 1739 2008 1783 encre
2028 1717 2165 1783 hoc
2208 1719 2360 1795 dici,
2403 1719 2588 1782 varia
2633 1736 2789 1781 esse
2822 1716 3024 1798 impe-

1062 1807 1385 1883 dimenta,
1452 1807 1692 1889 quibus
1757 1741 2063 1869 {omines
2106 1805 2566 1881 abducuntur,
2630 1823 2764 1887 quo
2806 1802 3024 1865 minus

1060 1890 1548 1976 amplectantur
1590 1887 2049 1975 Evangelium.
2162 1889 2412 1954 Horum
2473 1904 2638 1953 vero
2683 1888 2870 1951 radix
2918 1896 3025 1950 est

1059 1979 1130 2042 in
1203 1979 1353 2060 ipsa
1413 1985 1651 2040 natura
1713 1974 2087 2052 hominum,
2162 1995 2296 2058 qua
2372 1972 2574 2037 homo
2635 1969 3026 2037 naturaliter
3075 2036 3078 2047 Ἴ,

1060 2081 1346 2128 aversus
1388 2082 1431 2126 a
1473 2057 1661 2140 Deo,
1725 2060 2001 2145 negligit
2046 2060 2297 2138 Deum,
2366 2069 2431 2122 et
2476 2078 2587 2122 res
2632 2057 2914 2137 divinas,
2959 2068 3026 2121 et

1061 2150 1244 2213 bona
1308 2155 1612 2212 aeterna:
1680 2147 1856 2210 sicut
1920 2146 2158 2209 dicitur
2221 2145 2286 2206 in
2344 2141 2649 2208 Psalmot
2716 2141 2872 2206 Non
2926 2149 3025 2206 est

1060 2234 1396 2317 inquirens
1435 2230 1679 2308 Deam,
1742 2250 1871 2295 non
1912 2237 2009 2294 est
2064 2231 2445 2314 intelligens.
2530 2227 2823 2293 Mundus
2867 2248 3024 2292 con-

1062 2318 1203 2382 fidit
1267 2327 1382 2382 aut
1446 2317 1718 2400 opibuS,
1785 2325 1898 2381 aut
1960 2315 2248 2399 imperiis
2271 2360 2294 2393 ,
2358 2324 2474 2379 aut
2538 2314 2790 2379 viribus
2857 2314 3022 2377 suiS.

1058 2403 1246 2469 Talis
1313 2413 1418 2466 est
1464 2400 1635 2464 haec
1690 2411 2002 2484 corrupta
2044 2411 2283 2465 natura
2324 2399 2690 2464 hominum:
2759 2417 3026 2482 semper

1061 2489 1320 2574 quaerit
1364 2486 1639 2572 aliquid,
1684 2506 1817 2571 quo
1864 2484 2176 2564 confidat,
2224 2497 2287 2550 et
2329 2487 2607 2561 nitatur;
2664 2485 2789 2547 sed
2830 2485 3023 2548 aber-

1060 2586 1165 2638 rat
1208 2576 1294 2637 ab
1341 2594 1461 2650 eo,
1517 2592 1650 2657 quo
1696 2572 1980 2636 debebat
2032 2571 2150 2636 niti
2161 2592 2182 2647 ;
2247 2572 2503 2655 quaerit
2543 2568 2817 2654 aliquid,
2886 2589 3021 2654 quo

1058 2679 1196 2724 non
1239 2660 1527 2724 debebat
1570 2657 1928 2722 confidere.
2143 2660 2148 2665 ’

1233 2758 1625 2844 Cogitamus
1666 2781 1796 2824 nos
1837 2759 2072 2824 vivere
2112 2757 2418 2823 humanis
2449 2755 2824 2841 praesidiiS,
2866 2756 3021 2820 ideo

1061 2846 1255 2910 anxie
1299 2846 1677 2930 quaerimus
1740 2842 1881 2923 illa,
1947 2854 2017 2908 et
2080 2841 2194 2908 alii
2262 2843 2528 2928 quidem
2589 2839 2740 2906 alia.
2827 2839 3021 2905 Alius

1062 2932 1320 3016 quaerit
1362 2931 1777 3014 sapientiam,
1840 2926 2012 2994 alius
2054 2930 2452 3013 potentiam,
2516 2925 2688 2992 alius
2733 2926 3025 3003 divitias,

1059 3027 1129 3080 et
1169 3016 1278 3080 his
1322 3017 1502 3082 curis
1548 3014 1851 3080 humanis
1896 3017 2241 3099 occupati,
2304 3011 2704 3099 negligimus
2746 3013 3022 3075 verbum

1057 3100 1222 3179 Dei,
1314 3113 1382 3166 et
1457 3097 1739 3166 salutem
1814 3110 2136 3164 nostram.
2232 3098 2587 3163 .Putamus
2655 3097 3023 3161 doctrinam

1063 3185 1415 3272 Evangelii
1459 3205 1618 3251 esse
1661 3183 2064 3264 fabulosam,
2127 3195 2196 3250 et
2258 3185 2482 3271 magni
2524 3183 2793 3248 Domini
2835 3201 3028 3266 prae·

1059 3281 1366 3337 texerunt
1422 3292 1582 3336 suas
1638 3272 2153 3357 occupationes,
2218 3290 2353 3355 quo
2416 3271 2635 3336 minus
2692 3268 3029 3355 inquirant

1058 3359 1427 3424 doctrinam
1470 3378 1699 3422 veram
1738 3355 1912 3422 Deo.

1189 3469 1198 3475 ’
1231 3474 1460 3560 Aliqui
1502 3476 1699 3540 etiam
1744 3474 2145 3552 existimant,
2211 3490 2349 3537 non
2411 3474 2744 3557 pertinere
2807 3474 2899 3538 ad
2942 3492 3020 3537 se

1056 3561 1547 3647 inquisitionem
1614 3560 1991 3635 doctrinae3
2055 3559 2232 3623 sicut
2296 3578 2425 3642 ego
2490 3555 2737 3622 multos
2794 3558 3021 3622 audivi

1057 3648 1311 3713 dicere:
1355 3666 1507 3711 sum
1544 3643 1826 3725 Laicus,
1892 3665 2043 3709 sum
2108 3662 2337 3728 equeS,
2404 3663 2548 3707 sum
2583 3640 2778 3708 miles
2791 3689 2816 3721 ,
2881 3663 3018 3707 non

1058 3733 1273 3797 debeo
1350 3752 1459 3796 me
1533 3731 1821 3796 miscere
1892 3729 2177 3814 negotiis
2271 3724 2632 3814 religionis.

1058 3819 1253 3883 etiam
1295 3817 1564 3901 impedit
1604 3813 1939 3881 vinculum
1996 3812 2386 3900 coniugale,
2451 3816 2607 3900 quia
2672 3815 2783 3900 qui
2839 3814 3018 3878 addi-

1056 3915 1207 3969 ctus
1252 3913 1357 3968 est
1397 3899 1706 3986 familiae,
1750 3903 2012 3967 videtur
2055 3901 2249 3966 etiam
2300 3902 2445 3965 iure
2501 3897 2818 3986 alligatus
2862 3919 3019 3965 esse

1059 3990 1334 4068 debere,
1376 3999 1449 4055 ut
1494 3989 1745 4053 serviat
1789 4007 2063 4053 suorum
2104 3986 2487 4053 necessitati
2578 3989 2776 4064 otiuS,
2821 4006 3018 4071 quam

1100 4072 1325 4141 ublico
1388 4074 1777 4140 ministerio.
1900 4072 1988 4137 Et
2048 4083 2158 4138 est
2226 4071 2361 4138 hoc
2435 4008 2574 4139 vaf

1144 4161 1590 4247 pedimentum
1632 4162 1701 4225 in
1746 4156 2197 4225 confessione.

1229 4281 1485 4346 Citatur
1572 4300 1657 4345 ex
1742 4277 2117 4344 Menandro
2217 4277 2463 4344 dictum
2550 4272 3020 4344 memorabile=

1053 4364 1280 4449 μεγάλη
1320 4365 1593 4454 &earm
1635 4363 1813 4453 ἀνδρὶ
1854 4374 2024 4430 τέκνα
2066 4368 2168 4428 καὶ
2210 4363 2383 4446 yvvq‘:
2443 4364 2511 4428 id
2553 4373 2694 4442 est,
2758 4361 3022 4447 May'ua

1056 4454 1358 4539 tyrannis
1400 4461 1500 4517 est
1541 4453 1693 4517 viro
1726 4472 1897 4517 uxor
1939 4460 2001 4516 et
2044 4451 2253 4517 liberi.
2339 4450 2426 4516 Et
2469 4448 2660 4515 Deus
2704 4446 2836 4513 hoc
2880 4450 3021 4514 vin·

1055 4535 1280 4605 culum
1344 4537 1444 4602 sic
1489 4538 1852 4616 ordinavit,
1912 4547 1988 4601 ut
2052 4548 2491 4604 conservetur
2541 4535 2833 4600 societas
2900 4532 3020 4598 hu·
3061 4567 3064 4599 z

1052 4645 1271 4691 mana.
1379 4625 1550 4690 Nam
1592 4624 1705 4708 qui
1768 4632 1873 4688 est
1915 4623 2279 4689 adstrictus
2346 4622 2686 4706 coniugio,
2757 4620 3020 4705 cogitur

1054 4721 1325 4778 manere
1387 4712 1456 4776 in
1521 4706 1675 4775 loco
1742 4720 1964 4787 certo,
2043 4718 2112 4774 et
2172 4705 2383 4774 multa
2437 4707 2667 4772 facere
2722 4716 2791 4770 et
2854 4706 3018 4788 pati,

1053 4818 1230 4884 quae
1292 4796 1545 4882 alioqui
1608 4815 1746 4861 non
1789 4793 2068 4871 faceret,
2132 4804 2247 4858 aut
2308 4803 2666 4878 pateretur.
2788 4788 3021 4873 Itaque

1051 4884 1187 4950 hoc
1228 4882 1498 4950 vinculo
1544 4882 1946 4967 constringit
1986 4879 2196 4952 Deus,
2252 4891 2318 4944 et
2362 4875 2637 4961 copulat
2687 4874 3020 4954 homineS,
3065 4926 3074 4990 Ι

1052 4982 1128 5035 ut
1171 4968 1369 5035 simul
1430 4974 1499 5033 in
1564 4970 1798 5035 eodem
1865 4977 2064 5034 coetu
2106 4976 2449 5043 maneant,
2495 4974 2561 5026 et
2605 4980 3022 5028 communem

1055 5053 1512 5121 defensionem
1554 5057 1885 5122 adiuvent.
1952 5053 2059 5118 Ac
2100 5053 2229 5117 nisi
2270 5051 2404 5116 hoc
2446 5045 2782 5114 vinculum
2812 5058 3022 5126 esset,

1053 5141 1358 5206 homines
1425 5152 1616 5206 extra
1678 5141 1990 5206 mundum
2056 5147 2423 5215 currerent,
2485 5135 2545 5200 si
2587 5143 2887 5219 possent,
2930 5133 3020 5198 ad

1056 5227 1471 5315 effugiendas
1534 5226 1872 5304 miserias,
1939 5246 2110 5310 quae
2175 5235 2329 5290 sunt
2369 5223 2437 5286 in
2482 5223 2618 5286 vita
2656 5219 3021 5299 hominum,

1058 5314 1183 5380 sed
1224 5311 1480 5398 alligati
1522 5308 1787 5377 familiis
1831 5310 1999 5389 suis,
2044 5323 2374 5395 coguntur
2413 5327 2707 5373 manere.

1230 5398 1645 5483 Quamquam
1685 5409 1906 5462 autem
1951 5394 2249 5462 homines
2295 5413 2501 5479 saepe
2540 5399 2824 5478 peccant
2863 5410 3020 5475 pro-

2763 3725 3017 3793 Multos
3063 3726 3064 3733 '

2553 4073 2637 4137 de
2699 4069 3019 4156 frequens
3063 4100 3064 4108 κ

4995 679 5087 749 52

3623 801 3654 832 ο
4892 771 4897 777 ,

3125 863 3194 929 in
3236 865 3735 948 persecutione3
3790 875 4010 931 tamen
4052 863 4256 951 longe
4298 862 4732 933 anteferenda
4774 880 4880 934 est
4924 887 5085 935 con·

3125 948 3372 1029 fessio,
3419 951 3839 1035 quantumvis
3884 951 4017 1016 hoc
4060 953 4147 1015 sit
4191 950 4482 1016 difficile.

3297 1035 3434 1098 lam
3480 1034 3899 1100 conferamus
3942 1034 4192 1101 similes
4239 1038 4634 1116 concioneS,
4698 1036 4916 1124 qualis
4977 1053 5088 1106 est

3122 1118 3444 1205 parabola
3501 1123 3584 1185 de
3635 1122 3922 1198 semine,
3986 1123 4054 1186 in
4113 1143 4243 1206 qua
4287 1122 4562 1201 dicitur,
4627 1123 4856 1189 Semen
4898 1129 5127 1193 aliud-

3125 1207 3433 1270 cecidisse
3473 1208 3544 1270 in
3583 1208 3760 1271 viam
3804 1209 4059 1285 tritam,
4103 1209 4288 1272 aliud
4328 1209 4502 1271 inter
4544 1212 4794 1291 spivum.
4884 1211 5087 1298 Cogi-

3124 1301 3342 1355 temus
3385 1304 3608 1355 autem
3651 1293 3818 1369 ista,
3878 1312 3965 1356 ne
4016 1292 4427 1357 offendamur
4485 1292 4811 1361 scandalo
4853 1300 5086 1379 pauci-

3124 1377 3284 1441 tatis
3344 1396 3506 1442 vere
3561 1378 4006 1457 credentium,
4073 1399 4267 1463 quam
4312 1375 4736 1444 conferentes
4777 1383 4863 1445 ad
4901 1380 5086 1448 illam

3121 1461 3457 1547 ingentem
3500 1460 3979 1527 multitudinem
4027 1466 4582 1530 contemnentium
4616 1465 5084 1554 Evangelium‚

3121 1568 3257 1613 non
3300 1567 3662 1629 possumus
3706 1568 3842 1611 non
3886 1549 4386 1614 coherrescerc.

3292 1631 3488 1696 Multi
3532 1629 3728 1697 fracti
3768 1632 3902 1697 hoc
3946 1631 4292 1713 scandalo,
4337 1636 4534 1700 etiam
4577 1636 4704 1721 ipsi
4741 1636 5086 1718 deficiunt,

3124 1727 3191 1781 et
3231 1717 3597 1803 adiungunt
3642 1739 3718 1782 se
3763 1716 4057 1803 reliquae
4099 1716 4527 1797 multitudini,
4584 1742 4755 1806 quae
4796 1743 4931 1787 non
4979 1735 5087 1789 est

3120 1800 3455 1878 Ecclesia,
3499 1814 3571 1867 ut
3595 1801 3928 1868 -Salomon
3974 1805 4158 1868 dicit:
4204 1807 4374 1870 Pene
4407 1803 4520 1886 fai
4557 1813 4626 1872 iu
4668 1815 4841 1872 omni
4878 1811 5083 1888 malo,

3123 1908 3264 1951 cam
3324 1889 3536 1952 incidi
3593 1891 3664 1952 in
3714 1890 4208 1954 multitudinem:
4274 1891 4343 1954 id
4397 1902 4536 1969 est,
4603 1913 4754 1958 cum
4817 1895 5087 1978 inspexi

3124 1972 3427 2057 exempla
3491 1972 3948 2040 multitudinis.
4065 1975 4212 2039 Nec
4285 1996 4644 2059 possumus
4713 1998 4869 2043 esse
4934 1981 5086 2045 sine

3122 2079 3366 2144 magno
3414 2056 3670 2138 dolore,
3705 2081 3855 2124 cum
3900 2063 4295 2146 cogitamuS,
4332 2064 4663 2146 quomodo
4709 2064 4850 2141 fiat,
4898 2065 5085 2149 quod

3122 2146 3211 2208 sit
3253 2156 3385 2208 tam
3433 2146 3712 2231 exiguus
3756 2158 3990 2211 coetus
4030 2144 4400 2226 Ecclesiae,
4439 2157 4507 2211 et
4549 2157 4734 2214 tanta
4775 2151 5084 2233 paucitas

3121 2249 3282 2295 vere
3324 2232 3603 2312 piorum.
5188 2243 5190 2245 ’

3294 2314 3599 2400 Denique
3644 2317 3945 2381 oriuntur
3976 2314 4089 2381 hic
4126 2317 4479 2383 admodum
4513 2314 4819 2383 difficiles
4855 2321 5083 2405 dispu-

3122 2402 3413 2466 tationes
3457 2402 3543 2464 de
3584 2402 4083 2485 reprobatione,
4142 2423 4310 2486 quas
4362 2405 4628 2488 attingit
4671 2407 4865 2469 etiam
4910 2405 5082 2474 Pau-

3121 2483 3231 2550 lus
3294 2484 3485 2550 Rom.
3532 2485 3599 2551 6.
3667 2507 3816 2551 cum
3879 2486 4367 2572 significatione
4430 2488 4495 2552 in
4548 2491 4720 2554 entis
4789 2487 5081 2569 doloris3

3122 2572 3248 2636 sed
3290 2581 3511 2635 tamen
3554 2572 3878 2656 praecidit
3921 2593 4065 2651 eas,
4096 2573 4435 2657 inquiens:
4484 2511 4546 2638 ὅ
4589 2574 4795 2654 homo,
4832 2583 4902 2640 tu
4936 2580 5084 2661 quia

3067 2735 3068 2745 χ
3121 2676 3215 2735 es,
3279 2658 3398 2740 qui
3447 2676 3528 2720 ex
3584 2659 3867 2722 adverso
3907 2659 4311 2743 respondeas
4353 2658 4538 2724 Deo.-
4602 2659 4700 2725 lta
4743 2681 4871 2726 nos
4918 2682 5084 2746 quo-

3125 2761 3254 2827 que
3298 2743 3700 2827 cogitemuS,
3744 2755 3809 2808 et
3850 2742 4202 2828 loquamur
4245 2747 4544 2810 modeste
4588 2747 4670 2810 de
4714 2746 4817 2810 his
4854 2749 5083 2826 rebus,

3123 2841 3194 2892 et
3250 2838 3593 2892 teneamus
3658 2826 3824 2894 illud
3886 2828 4290 2913 prophetae:
4356 2830 4459 2893 Ea·
4512 2839 4575 2895 te
4623 2833 4913 2915 perditio
4966 2841 5085 2899 tua

3121 2912 3362 2994 Israel,
3426 2921 3670 2978 tmztum
3734 2935 3816 2978 ex
3876 2934 3974 2979 me
4030 2917 4212 2979 salus
4277 2921 4431 2990 ωας
4494 2915 4628 2981 hoc
4694 2929 4833 2996 est,
4902 2919 5080 3003 grati

3122 3017 3576 3084 agnoscamus
3640 3010 3708 3064 et
3781 2996 4197 3075 celebremus
4261 3000 4652 3066 immensam
4719 3004 5083 3069 bonitatem

3123 3083 3294 3162 Dei,
3340 3082 3521 3168 quod
3564 3102 3692 3149 nos
3733 3083 3822 3147 ad
3873 3083 4006 3148 hoc
4053 3085 4464 3165 convivium,
4520 3087 4609 3152 ad
4671 3091 5083 3171 agnitionem

3124 3167 3273 3233 Filii
3315 3168 3421 3233 sui
3463 3188 3584 3252 per
3624 3167 4065 3255 Evangelium
4106 3170 4443 3250 invitavit,
4485 3184 4552 3237 et
4597 3171 4701 3235 his
4743 3175 5083 3239 beneficiis

3121 3252 3255 3319 Dei
3295 3264 3680 3320 reverenter
3719 3265 4020 3332 utamur,
4078 3265 4147 3320 et
4188 3251 4508 3322 fruamur.
4598 3255 4850 3323 Contra
4894 3280 5084 3341 vero,

3124 3336 3391 3424 culpam
3443 3351 3864 3426 contemptus
3916 3337 4272 3426 Evangelii
4325 3341 4395 3405 in
4446 3362 4689 3429 magna
4729 3357 4922 3427 parte
4961 3345 5085 3410 ho·

3120 3426 3368 3490 minum
3435 3422 3858 3492 conferamus
3915 3427 3985 3491 in
4042 3424 4200 3490 illos
4262 3425 4487 3511 ipsos,
4553 3430 4665 3513 qui
4717 3449 5083 3514 aspernan-

3119 3521 3231 3660 ἓιι·
3262 3510 3399 3658 lDeii
3442 3513 3946 3599 benignitatem,
3999 3512 4307 3578 vocantis
4363 3532 4486 3578 eos
4536 3515 4628 3579 ad
4691 3517 5085 3580 societatem

3182 3615 3262 3661 cc
3289 3614 3367 3660 es
3391 3616 3493 3661 ae.

3293 3680 3430 3745 Cur
3484 3691 3704 3745 autem
3760 3681 4173 3767 permittatur
4212 3701 4255 3747 a
4294 3679 4483 3760 Deo,
4537 3690 4610 3746 ut
4642 3691 4828 3747 tanta
4869 3680 5085 3749 multi·

3117 3765 3281 3830 tudo
3323 3777 3589 3830 maneat
3632 3767 3700 3830 in
3746 3779 4160 3850 contemptu;
4223 3777 4341 3832 aut
4382 3768 4578 3832 etiam
4632 3780 4706 3833 ut
4739 3788 4873 3834 uno
4915 3779 5085 3834 tem·

3166 3869 3285 3915 ore
3340 3870 3476 3914 non
3533 3863 3861 3917 vocentur
3907 3873 4179 3932 omnes,
4246 3853 4784 3918 commendemus
4827 3874 5084 3920 arcano

3189 3938 3250 4001 ei
3307 3935 3613 4002 consilio.
3714 3932 3987 4004 Interim
4055 3958 4323 4004 oremus
4387 3937 4645 4018 Deum,
4708 3951 4783 4006 ut
4845 3952 5084 4006 nostra

3119 4032 3394 4108 pectora
3457 4023 3790 4089 accendat
3854 4044 4081 4088 amore
4123 4026 4314 4089 verbi
4366 4026 4502 4102 sui,
4568 4036 4636 4089 et
4689 4023 4915 4090 flectat
4953 4045 5083 4091 nos

3121 4108 3208 4173 ad
3250 4110 3538 4174 studium
3582 4131 3621 4174 a
3675 4111 3998 4175 noscendi
4039 4111 4280 4195 ipsum,
4315 4120 4385 4175 et
4426 4107 4867 4194 amplectendi
4900 4111 5083 4177 bona

3124 4189 3348 4259 oblata
3388 4214 3511 4277 per
3552 4193 3627 4258 Fi
3660 4196 3810 4260 ium.
3842 4253 3849 4256 .

3293 4277 3514 4364 Saepe
3570 4281 3764 4346 etiam
3815 4281 3994 4346 hanc
4050 4281 4495 4345 tristissimam
4549 4300 4787 4346 vocem
4829 4280 5082 4366 cogite·

3118 4385 3299 4444 muS,
3356 4386 3527 4451 quae
3578 4367 3648 4431 in
3688 4367 3822 4433 hoc
3863 4377 4048 4431 textu
4089 4367 4388 4450 poniturx
4461 4364 4639 4430 Tunc
4692 4368 4911 4432 iratas
4944 4362 5084 4447 fuit

3116 4446 3626 4535 paterfamilias.
3735 4452 3925 4517 Hanc
3986 4453 4149 4516 iram
4206 4453 4515 4534 ostendet
4568 4452 4637 4516 in
4678 4453 4920 4516 iudicio
4970 4473 5083 4516 ex-

3117 4549 3374 4616 tremo,
3440 4539 3532 4603 ibi
3589 4537 3996 4614 videbimuS,
4063 4557 4261 4686 qpam
4315 4557 4557 4603 severe
4601 4538 4950 4622 puniturus
4994 4539 5084 4602 sit

3121 4642 3276 4698 eoS‚
3342 4623 3455 4708 qui
3512 4632 4055 4707 contempserunt
4153 4621 4353 4688 ilium.
4464 4622 4561 4687 Ibi
4605 4620 5080 4709 intelligemuS,

3121 4708 3300 4793 quod
3366 4709 3434 4773 in
3497 4705 3769 4773 Psalmo
3837 4708 4106 4774 dicitur:

3122 4795 3520 4862 exardescat
3556 4795 3670 4861 ira
3711 4796 3883 4874 eius,
3923 4801 3989 4859 et
4024 4797 4321 4878 pereatis
4362 4796 4446 4860 de
4485 4797 4618 4861 via.

3549 5122 3772 5226 Quid
3832 5135 3958 5208 est
4017 5137 4313 5203 ost-tauri
4348 5133 4628 5200 Filium?

3296 5303 3421 5371 Est
3482 5305 3873 5392 metaphora
3900 5383 3905 5387 .
3937 5315 4202 5390 sumpta
4265 5324 4309 5370 a
4372 5305 4585 5372 veteri
4649 5322 4839 5370 more
4901 5302 5083 5369 exci-

3123 5391 3409 5476 cipiendi
3450 5392 3754 5476 hospites
3801 5413 3949 5457 cum
3994 5388 4264 5472 osculo,
4308 5400 4376 5455 et
4418 5387 4792 5475 complexu.
4880 5388 5086 5475 Apud
5197 5421 5200 5424 ⁴

1055 5498 1313 5572 pterea,
1355 5494 1428 5549 ut
1471 5486 1613 5549 suis
1658 5480 2033 5560 consulant,
2078 5492 2147 5547 et
2177 5480 2357 5546 hanc
2386 5491 2622 5563 putant
2664 5498 2742 5543 se
2778 5478 3022 5543 iustam
3121 5492 3248 5543 nos
3292 5478 3362 5544 in
3404 5480 3731 5564 superiori
3778 5475 4160 5556 Germania,
4201 5476 4335 5543 hoc
4377 5496 4516 5541 non
4560 5490 4667 5542 est
4710 5477 4951 5541 moris:
4995 5475 5084 5540 Et

1060 5591 1370 5640 caussam
1408 5568 1685 5652 habere,
1730 5591 1856 5637 cur
1888 5565 2381 5635 confessionem
2402 5567 2704 5633 doctrina
2724 5559 3024 5653 efugiant

3120 5574 3304 5631 tanta
3345 5577 3457 5632 est
3493 5564 3864 5632 bestialitas
3904 5566 3976 5629 in
4016 5560 4382 5650 plerisque,
4416 5573 4490 5629 ut
4515 5564 4576 5628 si
4608 5583 4806 5650 quem
4839 5557 5082 5628 osculo

4203 4708 4609 4774 Osmdamini
4665 4708 4939 4783 Filiam,
5000 4727 5084 4774 ne
5204 4796 5209 4802 .
