5934 6709
472 703 539 775 823

604 890 693 973 Erpa
710 897 742 956 et
761 910 821 952 ator
847 888 989 951 debemur
1021 894 1146 951 nostrat
1174 885 1348 967 sanctitatae
1381 906 1454 948 con-

645 979 789 1057 sarreia
811 994 976 1039 commme.

559 1114 762 1201 Respondeo
795 1113 838 1179 ad
860 1112 1028 1178 Maiorem.
1083 1107 1323 1196 Apostolorum
1345 1130 1452 1175 exem·

471 1202 530 1291 pla
551 1213 630 1267 suut
651 1201 821 1278 imitanda,
844 1195 973 1265 scilicet
995 1217 1080 1283 quae
1103 1196 1228 1263 habeut
1253 1208 1451 1282 praecepta;

471 1310 541 1358 nou
563 1285 737 1373 exemplis,
749 1288 810 1352 scd
832 1282 964 1371 legibus
987 1284 1197 1349 iudicandum
1220 1295 1282 1348 est.
1327 1283 1451 1347 Viden·

472 1376 551 1443 dum
573 1387 637 1452 est,
657 1393 701 1439 an
735 1371 920 1456 exemplum
953 1384 1118 1457 congruat
1151 1391 1226 1435 curu
1259 1383 1449 1455 praerepto,

472 1482 516 1529 an
539 1462 583 1526 sit
604 1479 659 1525 res
682 1460 939 1535 necessariam
962 1459 1003 1522 sit
1029 1476 1082 1522 res
1104 1457 1223 1534 media,
1245 1476 1289 1519 an
1311 1457 1355 1519 sit
1400 1476 1449 1520 ro·

473 1547 587 1614 hibita.
633 1545 687 1611 Ad
700 1543 874 1609 Minorem:
887 1541 1037 1624 Apostoli
1058 1543 1252 1604 contulerint
1275 1554 1339 1609 etc.
1372 1478 1448 1606 hon

472 1629 771 1699 autemvoluerunt
793 1649 870 1695 esse
891 1640 1235 1779 praeceptum,neque
1257 1629 1339 1711 ipsis
1352 1648 1448 1710 prae·

473 1731 602 1803 ceptum
635 1727 728 1794 erat,
763 1737 825 1781 nec
858 1718 1013 1782 universa
1030 1717 1090 1780 iter
1123 1734 1240 1779 omnes
1270 1712 1448 1792 iaciebant,

472 1807 534 1870 sed
558 1815 683 1869 tantum
705 1799 982 1886 llierosolymas,
1016 1801 1095 1887 quia
1128 1799 1249 1886 alioqui
1273 1801 1448 1865 eiicieban·

472 1900 526 1957 tur
547 1910 567 1954 e
588 1890 659 1955 suis
678 1886 904 1955 facultatibus.
945 1887 1070 1990 blaqna
1093 1908 1148 1952 res
1166 1900 1219 1951 est
1241 1897 1274 1951 et
1295 1905 1450 1950 reveren·

472 1986 525 2043 ter
547 1977 670 2041 tuenda
701 1975 869 2039 distinctio
899 1973 1125 2038 dominiorum.
1169 1969 1329 2037 Salomon
1353 1973 1449 2037 dicit:

472 2063 675 2125 substantiam
708 2068 793 2124 taam
824 2079 885 2120 non
919 2059 975 2120 aler
1007 2059 1149 2132 modali,
1182 2060 1215 2122 itl
1238 2071 1310 2137 est,
1333 2054 1452 2122 validis

472 2148 737 2215 mendicantibus
757 2158 789 2210 et
811 2145 976 2230 parasitis.
1020 2140 1095 2211 Fuit
1116 2142 1173 2209 illo
1195 2157 1345 2228 tempore
1366 2165 1452 2208 eom·

472 2235 607 2301 modum
630 2233 776 2298 rendere
798 2252 866 2308 res,
888 2243 922 2295 et
944 2231 1105 2314 tantisper
1133 2233 1175 2296 de
1197 2233 1303 2314 pretio
1326 2231 1453 2309 vivere,

473 2321 583 2388 donec
615 2316 681 2384 illis
714 2319 963 2382 concederetur.
1014 2316 1098 2382 Narn
1131 2316 1303 2382 Pharisaei
1337 2319 1452 2400 eripie-

472 2406 555 2474 bant
577 2402 776 2470 Christianis
800 2400 991 2479 facultates,
1013 2424 1098 2489 quas
1120 2405 1246 2469 dabant
1266 2404 1454 2489 sycophan-

471 2493 528 2572 us,
549 2492 604 2640 qui
617 2489 827 2557 Christianos
849 2490 1067 2556 accusabant.
1112 2487 1293 2554 lllaomnia
1313 2491 1358 2554 ita
1376 2498 1454 2556 sunt

472 2591 546 2645 arte
571 2588 660 2657 acta,
676 2587 713 2641 ut
724 2578 940 2642 incitarentur
950 2575 1101 2640 homines
1112 2572 1188 2641 muli
1201 2588 1319 2641 contra
1333 2577 1453 2640 bonos.
1533 2616 1537 2621 *

557 2697 774 2780 Sycophanta,
792 2696 825 2761 id
849 2706 912 2775 est,
936 2692 1166 2775 calumniator,
1189 2716 1210 2760 a
1232 2699 1331 2772 σῦκον,
1344 2697 1376 2760 id
1389 2705 1452 2775 est,

473 2782 569 2856 licus,
593 2795 625 2849 et
647 2792 759 2866 φαίνω,
783 2795 946 2859 monstro,
968 2783 1044 2866 quia
1067 2783 1273 2847 accusabant
1294 2780 1453 2866 illos,qui

472 2867 573 2935 furati
607 2880 724 2934 essent
756 2867 858 2945 fieus3
886 2879 921 2931 et
947 2867 999 2932 sic
1032 2864 1233 2934 vccabulum
1267 2868 1386 2931 deinde
1420 2868 1453 2930 in

472 2958 615 3021 abusum
637 2955 738 3021 venit.
783 2953 841 3019 Sic
863 2954 960 3018 etiam
983 2952 1135 3034 sophista
1164 2955 1216 3014 ein
1243 2952 1454 3017 aehilmeister

473 3042 667 3116 dicebatur3
689 3039 751 3104 sed
772 3040 850 3126 qaia
872 3035 1066 3124 plemmque
1093 3051 1189 3105 erarrt
1219 3039 1344 3124 ignari:
1377 3040 1453 3105 ideo

473 3128 565 3196 veuit
586 3128 768 3191 inabusum.
814 3124 1030 3187 Calinnniatar
1050 3145 1073 3190 a
1093 3131 1211 3198 aelata,
1232 3127 1266 3191 id
1288 3136 1362 3203 est,
1394 3146 1454 3191 vo·

474 3213 583 3279 cando
604 3214 639 3277 in
655 3212 827 3278 iudicium.
872 3210 1109 3297 sycophantae
1129 3212 1229 3274 haben
1250 3211 1304 3272 alie
1327 3211 1454 3274 leatan-

472 3301 578 3382 etim,
601 3298 663 3360 (ἕω
684 3296 1009 3376 electrannum,
1040 3298 1117 3364 ideo
1150 3298 1353 3364 invadebant
1380 3318 1454 3384 pos

473 3387 655 3451 sessiones.
699 3382 856 3449 hlonachi
878 3384 932 3445 die
954 3383 1064 3446 acollen
1085 3384 1189 3446 niella
1209 3384 1454 3467 cipenerhabarn

472 3474 538 3539 imo
561 3470 685 3538 habent
706 3471 864 3556 propria,
885 3472 931 3531 eie
951 3469 1051 3531 haben
1071 3471 1168 3553 peld,
1202 3471 1255 3533 die
1286 3470 1384 3536 teter
1404 3471 1457 3534 ool

474 3561 580 3629 aens,
603 3556 667 3619 and
687 3556 787 3619 haber.
807 3556 861 3617 itte
882 3557 987 3621 herten
1009 3566 1090 3639 tape.

560 3644 701 3725 Hertzap
722 3641 876 3706 Albrecht
897 3665 932 3705 aa
952 3644 1091 3706 Sachsm
1124 3664 1200 3709 cum
1232 3643 1367 3709 sederet
1397 3641 1453 3709 ali·

473 3731 608 3818 quando
631 3730 663 3794 in
687 3731 853 3809 convivio,
876 3740 908 3795 et
932 3730 1072 3816 quisque
1100 3731 1239 3796 iactaret
1265 3750 1345 3796 suas
1379 3750 1454 3815 pos·

450 3818 645 3883 -aessioncs
668 3825 702 3879 et
724 3818 889 3895 civitates,
901 3828 968 3881 tum
990 3818 1064 3901 ipse
1085 3817 1204 3902 inquit:
1228 3817 1453 3903 Nescio‚quid

472 3904 598 3988 possim
622 3903 734 3965 dicere
755 3901 798 3967 de
825 3904 918 3968 meis.
962 3901 1036 3988 Ego
1070 3902 1178 3966 habeo
1207 3904 1397 3982 civitatem,
1420 3904 1453 3968 in

475 4009 541 4075 qua
562 3998 641 4052 sunt
662 3987 726 4051 tria
747 4008 799 4051 ma
827 4009 870 4051 ua
891 3985 1061 4063 miracula,
1084 3985 1212 4052 scilicet
1243 3991 1308 4053 tria
1339 4009 1452 4053 mona·

471 4075 577 4140 steria
599 4083 633 4138 et
655 4070 802 4157 triplices
850 4072 979 4139 onacbi.
1024 4072 1133 4139 Unum
1155 4072 1452 4155 gennsblonaeho·

472 4181 546 4227 rum
580 4157 682 4225 hahet
714 4155 849 4224 multum
872 4157 1027 4226 frumenti
1049 4172 1082 4225 et
1102 4179 1171 4223 nou
1202 4158 1303 4226 hnbet
1330 4181 1452 4248 agros3

472 4243 614 4312 alterum
646 4264 754 4332 genus
787 4244 887 4310 habet
919 4245 1056 4314 ntultum
1088 4246 1250 4330 pecuniae
1282 4258 1450 4312 ettamen

472 4330 585 4398 nullos
608 4333 754 4407 reditus3
777 4332 906 4397 tertium
929 4353 1037 4419 genus
1047 4331 1149 4399 habet
1170 4328 1292 4397 multos
1313 4329 1451 4414 liberos,

473 4429 637 4484 ettamen
660 4415 771 4481 nullas
794 4438 929 4483 uxores.

1118 695 1232 764 Pulla
1253 694 1359 763 uun.
1381 693 1572 764 scutata
1592 691 1857 762 uxuoauca

2427 688 2512 773 Μ

1506 908 1606 974 quem
1627 885 1705 950 eruit
1727 882 1827 949 iacob
1849 885 1884 948 in
1905 882 1992 949 tribu
2003 878 2171 966 Ephraim.
2214 880 2259 947 tn
2274 879 2363 947 hacc
2385 881 2493 948 verba

1506 994 1579 1038 sum
1604 985 1639 1036 ta
1661 981 1739 1037 sunt
1756 991 1797 1034 ex
1819 966 1933 1035 ultimo
1957 975 2065 1052 capite
2087 966 2217 1033 losuae.
2262 967 2365 1034 iacob
2390 964 2495 1033 dona·

1506 995 1663 1123 vitilium
1688 1069 1815 1141 purtem
1838 1055 1968 1141 loseph,
1991 1066 2024 1120 ct
2046 1051 2153 1119 voluit
2173 1054 2219 1118 ibi
2241 1051 2392 1138 sepeliri.
2436 1052 2489 1118 ln·

1505 1142 1625 1231 telligit
1657 1145 1758 1229 igitar
1791 1143 1832 1209 de
1866 1141 1988 1225 loseph
2018 1152 2051 1205 et
2072 1137 2233 1205 iratribus
2261 1142 2346 1205 suis.
2394 1138 2491 1207 Duae
2532 1169 2535 1178 ·

1504 1242 1582 1296 sunt
1604 1226 1798 1315 sepulturae
1822 1227 1992 1293 Abraham
2026 1237 2059 1290 et
2081 1224 2205 1304 laccb,
2238 1246 2326 1311 quae
2359 1221 2424 1290 tuit
2452 1227 2489 1291 in

1504 1318 1591 1382 tribu
1613 1316 1705 1392 lulla,
1729 1328 1761 1380 ct
1784 1313 1916 1399 ioseph,
1939 1333 2026 1399 quac
2048 1309 2109 1376 luit
2137 1315 2171 1377 in
2203 1309 2489 1397 tribullplrraim,

1502 1416 1536 1470 et
1557 1401 1618 1468 suit
1639 1399 1816 1480 illelocus,
1839 1402 1870 1465 in
1889 1400 2047 1485 quovidit
2060 1396 2299 1464 lacobscalam
2323 1398 2368 1464 de
2381 1396 2489 1466 coelo.

1587 1488 1672 1550 Ernr't
1706 1509 1814 1566 aprum
1843 1494 1961 1548 cetttum
1989 1486 2104 1565 apale]
2149 1482 2274 1549 Toxlus
2296 1484 2403 1550 habet
2424 1483 2486 1547 Ka·

1504 1578 1579 1637 sita.
1642 1574 1689 1639 lbi
1722 1573 1833 1638 laliaci
1866 1585 2035 1657 exponunt
2069 1590 2131 1655 pro
2165 1583 2300 1636 centum
2333 1574 2488 1637 nummis.

1505 1661 1579 1747 Ego
1604 1661 1706 1726 credo
1728 1658 1841 1725 Kerita
1863 1659 2056 1745 significare
2078 1676 2228 1736 aureum,
2250 1653 2412 1723 videlicet
2433 1659 2488 1743 qui

1505 1748 1566 1814 luit
1586 1748 1765 1833 insignitus
1786 1746 1969 1832 sagittario.
2015 1742 2223 1809 nemiueset
2242 1742 2326 1806 haist
2348 1764 2486 1821 amun

1505 1847 1539 1899 et
1562 1855 1626 1920 ego
1648 1834 1715 1899 vidi
1736 1852 1857 1897 aureos
1880 1851 2033 1896 nummos
2052 1831 2210 1896 Persicos
2231 1829 2415 1915 insignitos
2436 1849 2486 1895 sa·

1505 1922 1652 2007 gittarlo,
1675 1930 1708 1983 et
1718 1918 1822 1984 valuit
1844 1938 1931 1982 unus
1954 1919 2085 1982 «luobus
2108 1916 2289 1984 drachmis.
2333 1916 2382 1981 Sa
2402 1915 2487 1979 lata

1504 2028 1539 2069 er
1561 2007 1622 2069 alen
1646 2005 1740 2068 acher
1759 2007 1822 2066 einh
1840 2009 1913 2070 200
1932 2004 1968 2083 ll.
1991 2003 2101 2084 haaffl.

1590 2092 1635 2154 Et
1656 2094 1840 2172 suscepistis
1861 2090 2091 2152 tabernaculum
2113 2088 2262 2169 Moloch]
2282 2086 2435 2168 Moloch,
2454 2089 2487 2153 id

1505 2190 1570 2259 est,
1593 2201 1663 2245 rex·
1708 2178 1766 2243 Sic
1789 2180 2000 2242 nominarunt
2021 2173 2151 2253 solem,
2178 2176 2268 2240 sieut
2303 2187 2337 2240 et
2367 2173 2487 2254 lunam,

1504 2268 1658 2416 ffglllmm·
1668 2262 1795 2410 cuelin
1808 2262 2164 2415 Iqqetptrlranbsaturnum
2181 2272 2359 2347 exponunt
2376 2260 2486 2348 aliqui.

1538 2375 1604 2426 ese,
1627 2371 1801 2433 erupere,
1849 2370 1888 2415 rer
1907 2371 1945 2414 ur
1996 2370 2079 2412 rron.

1591 2439 1689 2505 Nunc
1712 2437 1813 2503 redeo
1836 2436 1878 2500 ad
1898 2437 2162 2501 accusationem:

1633 2558 1840 2640 Biaspbemia
1861 2564 1892 2619 et
1909 2556 2026 2617 reditio
2059 2562 2107 2616 est
2139 2554 2255 2615 «locere
2290 2552 2389 2637 lapan
2408 2553 2488 2616 atat·

1681 2666 1752 2706 nmn
1773 2642 1938 2704 delendam
1958 2662 2026 2702 erae
2046 2648 2077 2703 et
2098 2639 2180 2701 nibal
2195 2643 2279 2719 fore.

1634 2732 1813 2812 Stephanae:
1834 2730 1916 2801 dicit
1938 2727 2033 2809 lepem
2055 2747 2121 2788 csse
2143 2727 2325 2788 delendam.-

1635 2818 1724 2899 Erpo
1746 2823 1793 2877 est
1815 2814 2008 2897 blaspbenras
2029 2821 2061 2876 et
2082 2814 2265 2891 seditiosas,
2277 2820 2486 2895 etproptcraa

1674 2902 1862 2985 partiendas.
1976 2941 1986 2963 0

1591 3041 1796 3125 Respondeo
1829 3039 1873 3103 ad
1905 3037 2074 3104 Maiorem.
2118 3036 2334 3123 blasphemia
2362 3047 2414 3100 est
2437 3035 2487 3099 di·

1505 3147 1584 3196 cere
1617 3124 1726 3213 legem
1761 3126 1904 3190 divinam
1937 3144 2016 3201 esse
2049 3121 2249 3205 delendam,
2272 3119 2401 3188 scilicet
2420 3118 2487 3185 nisi

1505 3215 1682 3281 mandante
1704 3210 1791 3291 Deo,
1813 3224 1846 3277 et
1868 3213 1956 3277 sieut
1972 3213 2117 3283 inundat,
2136 3212 2214 3297 quia
2234 3208 2335 3275 aliter
2352 3204 2486 3275 volebat

1505 3300 1634 3368 aboleri
1656 3297 1803 3385 politica,
1825 3311 1860 3364 ct
1882 3296 1979 3363 aliter
2000 3299 2114 3363 doceri
2136 3294 2149 3360 l
2193 3317 2257 3363 cru.
2306 3294 2362 3360 Ad
2387 3294 2486 3361 blico·

1505 3408 1592 3453 rent:
1614 3387 1792 3467 Stephanus
1824 3384 1906 3447 dicit
1937 3385 2034 3466 lupera
2066 3383 2156 3444 (lehn
2220 3402 2335 3454 terre,
2359 3378 2486 3446 scilicet

1505 3475 1682 3539 mandante
1703 3470 1803 3551 Deo,
1835 3484 1869 3537 et
1891 3472 1978 3536 sicat
1999 3470 2185 3536 mandabat.
2230 3467 2326 3553 Ergo
2345 3488 2414 3534 nou
2435 3476 2485 3533 est

1506 3558 1732 3645 blasphemus,
1757 3569 1790 3623 et
1811 3557 1974 3623 Minorem
1995 3558 2127 3643 probat.

1637 3679 1771 3782 Oportet
1801 3681 2038 3759 maurissionem
2061 3675 2128 3739 Dei
2155 3673 2373 3759 principalem
2403 3671 2485 3735 caeli·

1641 3766 1756 3914 Valli:
1770 3850 1889 3932 politia
1911 3871 1973 3911 non
1996 3856 2043 3911 ert
2061 3848 2272 3931 principalia:

1633 3937 1722 4018 Erpa
1743 3956 1867 3999 neeesse
1888 3944 1936 3997 cat
1967 3945 2088 3998 restare
2119 3935 2215 3997 αἰίαηι
2243 3932 2482 3996 amaeam

1681 4031 1712 4086 et
1732 4023 1814 4084 hano
1828 4027 2001 4104 perituram
2022 4041 2099 4087 esse.

1591 4158 1701 4225 Maior
1723 4172 1776 4227 cst
1797 4181 1896 4239 veru,
1928 4161 2004 4245 quia
2025 4158 2121 4224 Deus
2142 4166 2196 4223 est
2217 4177 2333 4223 verus.
2377 4154 2482 4220 hlinor

1506 4259 1558 4313 est
1604 4247 1764 4312 robanda.
1810 4247 1935 4312 Omnes
1958 4244 2054 4311 electi
2073 4246 2197 4311 debent
2215 4244 2382 4330 consequi
2403 4242 2481 4328 prin·

1505 4269 1646 4419 cipalem
1669 4334 1933 4416 promissionem.
1978 4330 2097 4397 Patres
2125 4328 2259 4396 suerunt
2290 4329 2414 4407 electi,
2453 4334 2481 4390 et

1505 4439 1572 4485 nou
1596 4421 1769 4484 consecuti
1801 4431 1880 4483 sunt
1912 4418 2001 4483 hauc
2034 4432 2180 4483 vestram
2212 4414 2382 4501 politiamt
2403 4432 2481 4517 erpo

512 4538 514 4543 ·
567 4502 693 4566 Charon
726 4500 788 4568 fuit
821 4505 939 4569 civitas
972 4505 1007 4570 in
1040 4502 1298 4589 blesopotnnria3
1332 4504 1452 4569 dicitur
1504 4504 1604 4571 aliam
1627 4506 1881 4590 promissionem
1906 4516 2174 4589 consequentur,
2197 4501 2330 4569 scilicet
2352 4499 2481 4567 deletio·

472 4602 584 4657 autem
605 4589 872 4737 Mesopotamia,
907 4591 986 4676 quia
1019 4602 1071 4655 est
1101 4591 1241 4695 spatium
1263 4592 1349 4654 inter
1366 4593 1453 4656 duos
1505 4611 1579 4656 nent
1602 4594 1731 4675 pcccati
1754 4605 1787 4656 ct
1803 4592 1995 4656 ntortisete.
2040 4589 2228 4655 ldeodieit:
2250 4588 2385 4667 Omnia,
2401 4604 2482 4673 quae

473 4674 620 4755 fluvios,
653 4676 782 4741 sciieet
803 4674 1004 4760 Euphratem
1033 4687 1066 4742 ct
1087 4676 1265 4762 Tigridem.
1309 4676 1351 4741 Et
1374 4677 1452 4741 dici·
1505 4698 1569 4742 vos
1598 4677 1731 4742 habetis
1758 4680 1792 4742 in
1824 4696 1939 4741 vestra
1961 4672 2137 4754 Ecclesia,
2168 4687 2248 4741 suut
2280 4687 2410 4740 tantum
2442 4670 2484 4739 ad

473 4774 528 4829 tur
551 4762 677 4824 Charon
699 4762 742 4826 ab
765 4774 882 4841 aestu,
914 4783 935 4826 a
967 4783 1034 4848 qua
1067 4764 1201 4828 civitate
1232 4782 1299 4827 tton
1332 4760 1452 4846 procul
1506 4775 1631 4828 certum
1649 4765 1950 4848 ternpusordiuata·
1996 4761 2115 4827 Patres
2137 4773 2391 4848 consequantur
2413 4779 2483 4847 pro·

474 4863 527 4914 est
548 4847 744 4913 interiectus
768 4845 924 4913 Crassus.
979 4848 1035 4910 Da
1066 4849 1110 4910 ist
1140 4847 1323 4930 parastatica
1355 4846 1453 4913 limes
1505 4851 1695 4915 missionem
1718 4847 1943 4935 principalem,
1967 4845 2099 4914 scilicet
2111 4862 2303 4929 aeternam,
2325 4866 2414 4933 quae
2434 4854 2485 4911 est

431 5010 435 5017 ,
473 4933 603 5020 imperii
640 4934 778 5000 Romani
811 4954 963 5016 perrexere.
1018 4934 1087 4995 Der
1109 4933 1284 5000 Curacella
1311 4937 1354 4997 t'rt
1372 4934 1453 5000 auch
1507 4932 1630 5000 deletio
1651 4937 1781 5020 peceati
1803 4950 1837 5000 et
1857 4935 1997 5015 mortis,
2026 4933 2111 5000 haec
2144 4936 2207 5000 iam
2242 4946 2296 4999 est
2318 4931 2485 5001 inchoata.

472 5021 560 5084 aicbt
580 5025 652 5085 accit
673 5040 732 5084 aaa
755 5019 825 5081 darn
843 5021 980 5102 anlqipcn
1002 5029 1053 5083 ort
1075 5021 1285 5084 cnobhonrmen.
1505 5019 1651 5087 Messias
1674 5022 1786 5100 venit,
1819 5042 1942 5107 passus
1974 5033 2051 5100 est,
2086 5031 2150 5086 etc.
2196 5018 2299 5106 -Ergo
2323 5020 2387 5087 erit
2409 5017 2485 5084 finit

560 5107 604 5170 ut
626 5107 775 5171 banalati
807 5116 877 5169 sarit
909 5111 943 5169 r'n
963 5107 1105 5187 Sicierr,
1126 5115 1158 5170 et
1175 5112 1278 5190 posita·
1297 5110 1331 5169 r‘n
1352 5107 1452 5189 rapat
1505 5109 1600 5172 istius
1623 5105 1769 5192 politiae,
1792 5120 1888 5173 crunt
1909 5103 2077 5172 abolenda
2109 5104 2343 5183 ceremonialia
2371 5116 2408 5171 et
2429 5124 2486 5191 pu-

344 5195 348 5203 '
471 5192 573 5272 cluo,
605 5196 692 5276 qaod
723 5197 797 5256 enuit
818 5193 1000 5275 Abrabam]
1054 5193 1103 5260 lbi
1135 5214 1203 5260 non
1233 5195 1348 5261 dubito
1375 5214 1454 5260 esse
1505 5193 1608 5273 litica,
1631 5207 1665 5258 et
1687 5206 1795 5259 tamen
1814 5191 1871 5259 illa
1891 5191 2140 5277 complantare
2162 5189 2243 5258 lilio.
2286 5188 2485 5280 Deculogas

473 5270 600 5363 σφάλμα
622 5279 789 5365 γραφικόν,
812 5280 844 5344 id
866 5292 919 5345 est
958 5292 1103 5347 erratum
1136 5279 1283 5361 librarii,
1318 5301 1379 5365 pro
1400 5281 1452 5341 Ia·
1506 5292 1639 5359 tuanet,
1670 5282 1747 5365 quia
1779 5293 1832 5347 cst
1863 5293 2000 5345 aetenta
2033 5279 2195 5364 sapientia
2216 5292 2252 5344 et
2272 5277 2437 5347 voluntas
2453 5279 2486 5343 iu

474 5365 532 5427 aab
565 5368 724 5450 scriptum
758 5379 812 5430 est
858 5366 1033 5438 Abrabam
1062 5379 1095 5432 et
1126 5367 1172 5432 ibi
1206 5363 1357 5452 sepultus
1391 5366 1452 5433 suit
1504 5363 1580 5431 Deo
1602 5367 1701 5431 nobis
1724 5364 1905 5450 patefacto:
1928 5386 2009 5452 ergo
2032 5377 2085 5430 est
2106 5361 2329 5432 immutabilis.
2470 5444 2473 5449 Ι

474 5449 645 5518 Abrabam
668 5473 733 5516 non
753 5451 869 5537 procul
893 5474 915 5518 a
936 5452 1109 5534 Mambre,
1142 5464 1175 5520 ct
1208 5454 1252 5519 ibi
1281 5457 1353 5539 ipse
1376 5455 1452 5518 emit
1593 5453 1908 5531 lacuturnenses,
1936 5452 1968 5516 il
1992 5467 2063 5531 est,
2094 5448 2291 5524 Dominum,
2326 5450 2418 5519 sicat
2448 5468 2486 5516 aa

473 5559 593 5625 agrum
615 5559 677 5624 pro
700 5535 874 5624 sepultura
897 5540 1065 5643 coniugis3
1098 5551 1131 5605 et
1163 5540 1208 5606 ibi
1230 5536 1380 5626 sepultas
1398 5553 1451 5605 est
1506 5535 1672 5623 patefecit.
1726 5543 1852 5606 Nonnen
1872 5549 1925 5605 est
1987 5559 2047 5605 eas
2068 5551 2185 5615 notus,
2212 5538 2301 5605 sicut
2328 5557 2370 5602 se
2395 5548 2489 5623 pate·
2523 5606 2527 5617 ,

473 5635 506 5689 et
528 5624 640 5692 laceb.
687 5613 757 5692 Sed
774 5620 830 5723 ille
855 5621 953 5693 locus
975 5625 1108 5693 Srcbem
1136 5632 1192 5693 ast
1222 5625 1309 5693 alins
1344 5625 1450 5707 locus,
1504 5623 1593 5692 iecit.
1654 5624 1737 5692 Post
1764 5623 1852 5691 hauc
1885 5621 2131 5692 consessionem
2162 5622 2226 5710 ipsi
2261 5623 2488 5709 condemnant
