5934 6709
530 735 597 807 etl
1176 733 1288 807 Pffll:
1309 732 1415 802 aab.
1438 731 1626 803 samm
1647 720 1912 800 mantica.
2484 730 2552 799 452

533 925 708 1005 simulata,
740 937 798 991 ant
826 926 1033 1009 captationes
1061 922 1162 989 lucri:
1189 942 1225 989 es
1249 922 1302 988 soi
1327 920 1517 1004 trenndticlt
1567 919 1691 1002 delicti,
1714 921 1809 988 Dens
1830 923 1992 1007 praecipit
2019 921 2268 1000 contritionem,
2294 917 2366 988 vult
2393 940 2553 1023 noanon

531 1007 706 1099 pescdelaen
726 1013 795 1077 aad
808 1031 902 1160 gem
947 1009 1047 1075 lllens
1075 1021 1128 1074 est
1155 1009 1339 1094 spectanda
1360 1010 1394 1073 in
1417 1011 1516 1074 bene·
1566 1029 1646 1075 esse
1666 1006 1761 1074 feros
1783 1004 2016 1095 Cyclopicos.'
2160 1074 2164 1081 ,

390 1154 404 1166 a
532 1099 633 1164 ficiis:
665 1096 777 1184 dorida
828 1097 844 1163 ἑ
875 1122 907 1162 τε
933 1095 1033 1176 dapis
1063 1094 1205 1182 ἄριστος,
1238 1094 1321 1160 Mil
1347 1096 1409 1160 der
1429 1114 1514 1160 lm·
1695 1129 1904 1194 Epammtio
1925 1135 1974 1193 est
1995 1128 2153 1193 ostensio:

534 1181 686 1250 concilia
712 1182 799 1250 baec
826 1184 892 1249 duo
915 1184 1022 1249 dicta:
1055 1181 1205 1246 Hilarem
1232 1182 1381 1246 datorem
1407 1183 1516 1266 ditiyit
1696 1213 1847 1280 cmm
1976 1215 2279 1279 ffostmpm.

531 1269 635 1350 Detts,
656 1279 689 1334 et
711 1261 800 1334 riom
821 1270 900 1352 ἔχεις
921 1279 1038 1354 χαίρεις
1058 1266 1172 1342 διδούς.
1204 1265 1375 1334 Debemus
1397 1265 1515 1333 laeteri
1695 1301 1786 1367 Ero
1850 1233 2277 1367 “wiffammffm'

532 1355 659 1435 officio,
680 1375 747 1422 non
769 1356 963 1439 perditione,
982 1376 1050 1420 non
1072 1350 1334 1440 profusionibus.
1377 1352 1514 1425 Dictum
1741 1322 1766 1388 9
1806 1320 1851 1387 pr
1920 1323 1944 1386 p
1980 1434 1983 1446 Ι
2260 1347 2268 1364 “

531 1441 722 1528 Epicharmi
743 1438 891 1527 loquitur
912 1441 954 1507 de
975 1438 1242 1526 profusionibus:
1260 1440 1380 1527 ,inanis
1402 1452 1514 1505 osten·
1650 1437 1750 1526 Nego
1786 1439 2074 1526 consequentiam:
2105 1447 2139 1502 et
2178 1437 2264 1503 ratio
2293 1448 2365 1516 est,
2392 1438 2471 1523 qnia
2505 1456 2553 1507 ex

531 1527 612 1595 tatio
634 1549 700 1593 non
724 1539 778 1593 est
799 1526 1027 1594 beneficentia.
1070 1523 1514 1607 amalasuentae
1564 1526 1656 1609 puris
1678 1522 1937 1612 particularibus
1960 1521 2042 1590 nihil
2071 1524 2234 1608 sequitur:
2265 1521 2422 1590 Christus
2450 1544 2552 1610 prae-

530 1615 600 1694 tia,
623 1615 657 1680 id
680 1625 755 1693 est,
778 1615 991 1700 germinans,
1015 1614 1091 1698 quia
1114 1613 1214 1678 debet
1234 1612 1343 1677 redire
1364 1611 1514 1679 officium
1566 1612 1643 1696 cipit
1661 1612 1905 1691 ostensionem,
1926 1610 1960 1675 id
1982 1622 2050 1689 est,
2072 1610 2317 1675 adiunctionem
2339 1611 2381 1674 ad
2400 1612 2552 1681 ministe-

529 1720 593 1784 pro
626 1698 751 1766 officio.
800 1698 893 1765 llaec
927 1702 1112 1786 cogitemus
1124 1743 1135 1778 ,
1167 1709 1203 1762 nt
1236 1699 1383 1764 sciamus
1403 1697 1514 1763 Deum
1563 1699 1659 1763 dum.
1714 1699 1874 1763 Ostensio
1900 1707 1953 1762 est
1979 1696 2148 1762 adiunctio
2178 1697 2221 1760 ed
2250 1697 2488 1778 ministeriam,
2510 1711 2552 1766 nt

529 1786 765 1874 gratitudinem
783 1787 970 1871 requirere,
998 1796 1032 1850 et
1056 1804 1119 1870 pro
1142 1783 1342 1870 gratitudine
1364 1785 1445 1850 dare
1465 1786 1513 1850 in-
1564 1784 1680 1850 audias
1714 1782 1913 1863 conciones,
1944 1795 2041 1868 petas
2077 1779 2338 1861 absolutionem,
2375 1795 2409 1848 et
2440 1786 2550 1853 aare

530 1874 643 1961 gentio
664 1873 765 1938 bona.
798 1869 920 1958 loseph
941 1872 979 1936 tit
1000 1871 1199 1957 praecipuus
1220 1869 1319 1936 iudex
1336 1872 1370 1936 in
1391 1891 1513 1958 regno,
1563 1869 1800 1937 sacramentis.
1849 1867 1976 1937 Eadem
2006 1868 2148 1935 obiectio
2177 1880 2211 1934 et
2240 1866 2307 1935 ltoc
2338 1871 2438 1937 modo
2466 1891 2548 1957 pro·

382 2021 385 2026 .
529 1959 621 2044 quod
653 1969 734 2023 tnnc
759 1954 822 2024 fait
851 1956 1121 2025 florentissimam
1150 1955 1183 2022 ia
1210 1969 1284 2023 teto
1306 1958 1407 2037 orbe,
1435 1976 1513 2043 prc-
1563 1958 1713 2042 ponitur:

528 2053 604 2128 ΡΨ
658 2054 780 2110 ‘mem
801 2064 859 2151 θ..
903 2057 1072 2150 palm*
1186 2112 1188 2116 ·
1692 2072 1844 2143 cirtam
1868 2075 1970 2149 intret,
1989 2083 2028 2142 at
2048 2075 2254 2141 ostenderam
2273 2094 2335 2142 not
2355 2074 2551 2145 Sacerdoti·

696 2129 824 2217 dVrrg
849 2151 914 2197 ram
944 2152 979 2197 ra
1000 2129 1128 2209 Aetne,
1157 2139 1210 2197 est
1237 2126 1426 2216 exemplum
1455 2148 1511 2196 ce·
1735 2162 1812 2227 m.

527 2211 958 2383 ilt‘ldd‘ailt'tit
975 2216 1264 2382 sadda?
1285 2226 1509 2368 alifis
1693 2247 2105 2414 appppmppo
2132 2247 2239 2316 aaa
2258 2255 2485 2334 amaa,
2509 2250 2551 2318 a

526 2385 693 2454 allevatos
721 2401 879 2475 parentes
912 2387 1121 2469 extulerunt,
1147 2389 1197 2452 eis
1227 2387 1332 2454 cessit
1363 2388 1508 2468 flamma,
1693 2421 1782 2508 &9⁰
1803 2420 2001 2487 matio
2022 2422 2211 2487 depcmm
2232 2429 2284 2487 m
2299 2423 2502 2487 amm-a.

526 2471 584 2540 elii
611 2476 784 2561 perierant,
808 2476 844 2540 ia
872 2476 1038 2542 incendio.
1082 2475 1131 2541 lta
1152 2472 1248 2540 Deus
1277 2474 1423 2540 ostendit
1443 2475 1509 2539 sibi
2246 2516 2248 2521 ·

527 2560 760 2647 gratitudinem
780 2558 927 2648 placere.
970 2561 1080 2627 Vobis
1101 2560 1254 2626 Dominis
1275 2557 1387 2626 adbuc
1408 2580 1510 2626 uuum
1648 2558 1852 2645 Respondeo
1884 2559 1929 2625 ad
1960 2559 2140 2627 Minorem:
2190 2558 2349 2624 Ostensio
2387 2580 2457 2625 non
2489 2573 2549 2629 eet

526 2647 685 2713 amabo.
728 2645 791 2713 Est
811 2645 1004 2734 Apologus:
1027 2646 1186 2715 Rusticus
1206 2644 1351 2712 faciebat
1370 2646 1434 2711 iter
1453 2644 1510 2711 ali·
1562 2647 1767 2714 enumeratio
1804 2643 2018 2725 delictorum,
2049 2647 2111 2710 sed
2146 2656 2201 2711 est
2227 2647 2340 2730 petitio
2373 2648 2549 2717 minbterii

525 2733 631 2818 qued,
653 2730 742 2800 forte
763 2734 797 2798 in
818 2734 967 2800 meridie.
1011 2734 1081 2801 lam
1103 2733 1325 2823 defatigatus,
1348 2730 1424 2798 solo
1442 2752 1510 2801 me·
1562 2733 1712 2799 mandari
1741 2752 1762 2797 a
1790 2730 1877 2799 Deo.
1936 2732 1999 2798 Est
2025 2729 2114 2801 velle
2142 2732 2243 2797 inseri
2272 2733 2476 2814 ministerio,
2511 2743 2549 2801 et

414 2887 416 2891 ,
525 2819 657 2885 ridiano
678 2816 750 2885 vult
770 2817 1160 2906 enbareallquantisper,
1173 2832 1207 2886 et
1225 2821 1415 2905 quiescere:
1431 2839 1510 2885 oon·
1562 2815 1650 2885 velle
1671 2819 1720 2885 uti
1738 2818 1902 2884 beneficio
1923 2819 2095 2885 ministerii
2116 2818 2254 2884 instituti
2276 2839 2295 2882 a
2318 2817 2407 2884 Deo.
2450 2818 2549 2887 Chri·

428 2938 433 2945 ·
525 2905 613 2970 sidet
633 2906 677 2971 ad
698 2917 848 2987 anunm,
864 2907 908 2972 in
960 2928 1004 2973 aa
1034 2918 1107 2972 erat
1134 2905 1285 2971 inclusus
1302 2923 1446 2991 serpens
1467 2907 1510 2971 el·
1562 2918 1637 2970 stus
1666 2905 1787 2992 lnquit:
1833 2903 2004 2971 Osteadite
2034 2924 2093 2970 cos
2128 2904 2373 2971 soaerdntibna:
2409 2907 2443 2970 id
2479 2915 2548 2985 est,

454 3011 461 3021 ·
524 2990 629 3067 tiens:
656 3011 733 3056 nam
757 3003 929 3069 ,venenata
981 2995 1082 3058 abent
1113 2992 1378 3060 ardentissimam
1412 2992 1507 3058 sitim.
1561 2990 1707 3071 Omnes,
1759 3009 1822 3055 nos
1850 3011 1914 3077 ego
1937 3012 2037 3069 curo,
2069 2988 2148 3055 volo
2182 2992 2232 3057 ire
2263 2992 2305 3055 ad
2327 2990 2547 3071 Sacerdotes,

524 3074 674 3161 Serpeats
696 3079 790 3184 dicit:
813 3078 901 3173 dabo
923 3078 999 3159 tibi,
1025 3080 1117 3165 qnod
1144 3079 1179 3143 in
1200 3080 1324 3183 mundo
1346 3087 1400 3144 est
1421 3098 1509 3183 sum·
1561 3078 1653 3181 edire
1675 3011 1901 3182 ministerium,
1919 3078 2035 3142 audire
2056 3079 2172 3154 verba,
2191 3076 2348 3142 adbibere
2369 3078 2545 3226 sipnaseu

522 3182 899 3318 vaeneat
920 3163 1508 3320 ‘amiabilitst‘ttttttt
1561 3162 2401 3328 {sitit,litterarii{terentinii
2416 3180 2548 3335 tritt

521 3332 680 3402 Affirmat
701 3355 867 3423 serpens,
937 3357 957 3404 e
984 3357 1059 3405 eam
1087 3336 1215 3405 emittit.
1260 3337 1342 3404 Mox
1364 3357 1507 3424 serpena
1560 3348 1597 3403 at
1618 3355 1771 3415 errones,
1792 3337 1849 3421 qui
1868 3333 2217 3416 faciantsclt'asmata,
2240 3335 2423 3421 dequibus
2445 3355 2547 3403 nemo

521 3421 557 3487 ln
578 3423 743 3490 rusticam
763 3421 845 3488 feeit
865 3426 1044 3509 impetum
1065 3424 1249 3510 praestabo
1270 3425 1330 3491 tibi
1344 3444 1508 3491 summam
1559 3425 1635 3503 scit,
1659 3424 1738 3510 qnid
1760 3422 1916 3488 sentiant.
1959 3421 2023 3488 Est
2049 3423 2149 3508 igitur
2175 3422 2260 3489 haec
2287 3423 2454 3488 sententie
2484 3442 2545 3507 op·

521 3508 683 3595 gadam,
710 3509 834 3596 inquit,
858 3510 894 3576 id
920 3522 992 3590 eet,
1018 3511 1168 3577 occidam
1190 3520 1244 3590 te,
1271 3512 1363 3601 quod
1392 3512 1508 3576 estin
1559 3510 1715 3596 ponenda
1753 3506 2036 3576 Stenckteldianis
2072 3509 2257 3577 furoribus.
2319 3507 2366 3577 Et
2399 3508 2457 3575 bic
2491 3517 2548 3572 est

521 3595 644 3662 mundo
676 3595 845 3663 usitatam.
909 3596 969 3664 Sic
1004 3593 1262 3665 'l'bemisteelenr
1300 3607 1508 3665 servatorem
1560 3593 1701 3662 simler
1733 3606 1769 3662 et
1800 3615 1922 3662 versos
1953 3592 2142 3662 intellectus
2174 3594 2274 3661 bauo
2308 3595 2397 3661 dieti.
2445 3590 2548 3661 Alter

521 3681 686 3749 Graeciae
713 3678 893 3750 velamant
915 3685 1081 3751 occidere.
1125 3683 1184 3750 Sic
1209 3679 1397 3764 lliltiades,
1425 3682 1507 3750 libe·
1559 3619 1763 3762 intellectus,
1786 3683 1874 3766 maed
1893 3701 1955 3748 nos
1975 3685 2083 3749 mittat
2104 3683 2153 3749 ad
2173 3681 2389 3761 Sacerdotes,
2417 3692 2455 3748 at
2475 3683 2549 3749 aut

520 3779 614 3836 rator
634 3768 864 3849 Athenarum,
891 3782 1044 3838 mortuus
1070 3783 1125 3838 est
1145 3771 1180 3836 in
1201 3790 1350 3837 carcere.
1393 3769 1508 3838 liasti-
1559 3780 1666 3836 testea
1687 3767 1935 3847 miraculorum,
1957 3770 2076 3835 eaden
2097 3769 2199 3835 redit:
2221 3769 2310 3835 sicat
2331 3765 2437 3835 atille
2455 3766 2549 3853 quad

521 3874 585 3923 ω
613 3854 738 3942 inquit:
772 3854 928 3937 Quaeso,
953 3878 998 3924 ne
1025 3876 1202 3944 properes:
1231 3859 1277 3923 sit
1303 3857 1421 3938 iudex,
1450 3857 1508 3944 qni
1559 3856 1673 3921 debeat
1693 3855 1916 3934 derodendo,
1938 3857 2037 3921 etlam
2058 3857 2176 3921 eodem
2199 3856 2301 3921 redit:
2323 3857 2401 3940 quia
2422 3875 2465 3922 ea
2487 3855 2548 3921 da-

518 3940 663 4029 prirnuru
682 3942 807 4009 obvius
829 3943 906 4008 erit:
934 3940 1124 4010 Procedant
1150 3940 1269 4022 simul,
1296 3943 1435 4010 veniunt
1461 3942 1507 4008 ad
1559 3944 1693 4019 bantur,
1716 3953 1754 4029 at
1775 3952 1890 4007 essent
1918 3951 2034 4007 testes.
2076 3943 2127 4008 lta
2155 3961 2271 4008 verum
2304 3962 2388 4008 vero
2422 3961 2548 4008 coneo

519 4025 669 4095 vetulum
692 4049 832 4114 equum,
861 4029 1050 4098 coniectum
1077 4028 1205 4097 labore.
1249 4028 1373 4112 Vides,
1391 4030 1507 4117 inquit
1559 4040 1634 4094 nat:
1656 4025 1760 4094 Falsa
1780 4028 1866 4093 inter
1888 4048 1927 4094 se
1947 4029 2151 4114 dismepaat.

520 4133 676 4200 serpens,
695 4117 862 4203 quomodo
889 4113 945 4183 bic
971 4130 1088 4202 pereat
1115 4118 1150 4182 iu
1177 4137 1239 4182 sue
1266 4116 1373 4181 macie
1398 4113 1507 4182 famei
1688 4149 1793 4214 Imm
1829 4167 1895 4214 mm
1929 4156 2038 4235 pom,
2071 4149 2239 4215 absolvm
2270 4149 2338 4214 „532-
2368 4148 2503 4235 coma

519 4200 1390 4357 tttttlttlffl‘datttdtitfflal{tili
1407 4203 1506 4355 itt
1731 4254 1885 4309 ma*
1953 4321 1962 4342 .

523 4375 572 4440 dit
599 4375 690 4458 qnod
716 4343 882 4460 piaedixit
910 4396 1072 4462 serpens:
1092 4397 1171 4442 nam
1202 4312 1282 4442 bpaic
1296 4334 1409 4442 ’etiam
1442 4394 1507 4442 sua
1687 4319 1855 4476 {raczrffim
1876 4322 2220 4474 esspwffimm
2266 4422 2272 4443 t

519 4460 646 4527 astutia
666 4457 728 4525 fuit
749 4462 860 4527 exitio.
903 4462 1021 4528 Habeo
1043 4459 1231 4541 consiliam,
1251 4462 1358 4549 inquit
1372 4459 1504 4548 vulpes,
1733 4431 1757 4495 9
1815 4428 1881 4494 W

519 4547 599 4633 qnid
628 4547 726 4614 dabis
754 4546 858 4613 mihi?
913 4548 1073 4617 Rusticus
1100 4549 1261 4634 promittit
1287 4550 1319 4613 ei
1347 4545 1505 4635 gallinas,
1644 4545 1859 4632 Respondeo.
1902 4545 1999 4633 Nego
2029 4544 2211 4612 lilinorem:
2245 4541 2443 4610 Absolvens
2475 4562 2547 4611 non

542 4653 605 4700 aas
628 4653 704 4700 cnm
726 4630 860 4701 anferre
880 4632 995 4715 vellet,
1007 4636 1170 4703 occiditur
1187 4637 1230 4703 ab
1251 4655 1357 4701 uxore
1375 4635 1504 4701 rustici.
1557 4642 1612 4700 eet
1631 4633 1749 4713 iudex,
1772 4634 1834 4699 sed
1857 4634 2005 4698 minister
2025 4629 2124 4698 alieni
2146 4632 2307 4711 manaan,
2340 4642 2373 4695 et
2405 4627 2547 4697 absolu·

518 4655 569 4786 fta
591 4731 644 4786 est
664 4721 867 4828 ingratitudo
890 4723 979 4809 apud
1001 4740 1149 4788 summos
1170 4722 1296 4808 pariter
1312 4722 1504 4802 attatinos,
1556 4720 1604 4784 tio
1625 4717 1716 4785 valet
1737 4720 1865 4785 ratione
1887 4720 2072 4797 ministerii,
2094 4740 2162 4784 non
2184 4720 2313 4783 ratione
2335 4716 2460 4783 iudicii:
2507 4716 2546 4784 ld

519 4818 554 4872 et
581 4808 730 4895 inprimis
758 4808 790 4872 ia
818 4804 905 4875 aulis
933 4809 1055 4874 domini
1081 4820 1160 4874 sunt
1188 4820 1247 4874 aut
1275 4806 1376 4874 valde
1404 4808 1504 4896 grati,
1556 4807 1682 4892 probo:
1705 4807 1782 4893 qnia
1804 4805 1841 4872 tit
1864 4804 2031 4872 absolutio
2060 4827 2080 4870 a
2109 4801 2241 4882 multis,
2271 4823 2357 4889 quae
2384 4824 2451 4869 rros
2478 4803 2546 4890 ipsi

470 4934 481 4961 r
518 4903 577 4958 aut
598 4891 699 4961 valde
719 4894 851 4981 ingrati.
1555 4893 1761 4980 ignoramus.
1807 4891 2004 4979 Gropperas
2026 4893 2073 4958 ita
2094 4894 2245 4957 recitavit
2274 4889 2341 4958 hec
2364 4908 2546 4978 argumen-

1686 5101 1853 5166 Socerdos
1875 5100 1966 5165 debet
1988 5102 2152 5184 imponere
2173 5093 2447 5178 satisfactionem:

724 5186 785 5270 lte,
807 5188 967 5253 ostendite
986 5206 1046 5253 oos
1067 5186 1304 5253 socmdottltus.
1685 5187 1764 5254 Noa
1794 5194 1900 5270 potest
1933 5188 2096 5270 imponere
2126 5186 2193 5250 arbi
2223 5186 2360 5270 capnitis
2378 5182 2543 5270 prodebat

604 5323 737 5403 ΜΘΝ,
766 5325 885 5391 (lidius
911 5346 932 5391 ⁸
959 5324 1100 5411 ΜΝ,
1127 5327 1191 5392 ‘1⁰⁸
1218 5326 1264 5391 ¹¹⁸⁶
1289 5345 1361 5392 ”m
1386 5324 1449 5402 ¹⁰3
1469 5325 1504 5391 id
1685 5276 1995 5446 Erzdllitmfsneest
2017 5379 2057 5424 ea
2077 5340 2231 5425 recitas-t
2347 5268 2374 5313 ⁸

517 5421 590 5490 est,
613 5410 720 5476 fateri·
765 5409 912 5497 Rapidi,
931 5413 967 5492 id
988 5423 1054 5490 est,
1074 5413 1302 5492 asseveratio,
1331 5409 1503 5478 confamio

517 5517 631 5564 coram
657 5496 752 5576 Deo,
779 5497 822 5563 de
894 5499 1015 5564 edicit
1037 5496 1087 5562 cb
1130 5511 1316 5568 eostomas:
1339 5498 1436 5565 Nate
1453 5500 1503 5565 ita
1608 5502 1612 5509 “
1641 5497 1856 5585 Respondeo.
1889 5495 2000 5562 Debet
2021 5496 2191 5580 imponere
2214 5491 2491 5573 satisfactionem,
2508 5494 2543 5560 id

514 5586 682 5669 placatam
703 5583 815 5651 reddit
872 5592 1012 5666 emet
1109 5587 1194 5651 etsie
1215 5586 1348 5652 delicti:
1374 5587 1408 5652 id
1435 5595 1502 5665 est,
1555 5596 1625 5664 est,
1655 5586 1697 5651 de
1718 5586 1877 5663 notoriis,
1906 5605 1972 5648 :toa
2001 5580 2091 5646 illam
2114 5577 2386 5660 satisfactionem,
2409 5582 2452 5646 de
2476 5599 2543 5666 qua

516 5681 570 5738 est
596 5669 695 5739 valde
715 5669 793 5739 Deo
820 5667 976 5760 placens,
1003 5681 1039 5738 et
1064 5674 1185 5779 bonnm
1217 5692 1304 5759 opus
1330 5669 1503 5739 marcado
1554 5668 1813 5758 illiloquuutur,
1824 5672 1887 5739 sed
1898 5669 2151 5756 castigationem
2172 5665 2274 5750 illam,
2286 5688 2372 5754 quae
2393 5680 2450 5735 est
2472 5687 2542 5734 uon
