<?xml version="1.0" encoding="UTF-8"?>
<!DOCTYPE html PUBLIC "-//W3C//DTD XHTML 1.0 Transitional//EN"
    "http://www.w3.org/TR/xhtml1/DTD/xhtml1-transitional.dtd">
<html xmlns="http://www.w3.org/1999/xhtml" xml:lang="en" lang="en">
 <head>
  <title>
</title>
<meta http-equiv="Content-Type" content="text/html;charset=utf-8" />
  <meta name='ocr-system' content='tesseract 3.04.00' />
  <meta name='ocr-capabilities' content='ocr_page ocr_carea ocr_par ocr_line ocrx_word'/>
</head>
<body>
  <div class='ocr_page' id='page_1' title='image "./philippimelanth06melagoog/philippimelanth06melagoog_0211.png"; bbox 0 0 5934 6709; ppageno 0'>
   <div class='ocr_carea' id='block_1_1' title="bbox 1146 640 2529 712">
    <p class='ocr_par' dir='ltr' id='par_1_1' title="bbox 1146 640 2529 712">
     <span class='ocr_line' id='line_1_1' title="bbox 1146 640 2529 712; baseline 0.002 -3"><span class='ocrx_word' id='word_1_1' title='bbox 1146 642 1258 709; x_wconf 83' lang='lat' dir='ltr'><strong>PHlL.</strong></span> <span class='ocrx_word' id='word_1_2' title='bbox 1283 642 1387 709; x_wconf 76' lang='lat' dir='ltr'><strong>MEL.</strong></span> <span class='ocrx_word' id='word_1_3' title='bbox 1415 641 1604 711; x_wconf 76' lang='lat' dir='ltr'><strong>SCRIPTA</strong></span> <span class='ocrx_word' id='word_1_4' title='bbox 1626 640 1893 709; x_wconf 74' lang='lat' dir='ltr'><strong>axsoss‘rlca.</strong></span> <span class='ocrx_word' id='word_1_5' title='bbox 2462 645 2529 712; x_wconf 74' lang='lat' dir='ltr'><strong>sla</strong></span> 
     </span>
    </p>
   </div>
   <div class='ocr_carea' id='block_1_2' title="bbox 858 957 2531 1070">
    <p class='ocr_par' dir='ltr' id='par_1_2' title="bbox 858 957 2531 1070">
     <span class='ocr_line' id='line_1_2' title="bbox 858 957 2531 1070; baseline -0.001 -27"><span class='ocrx_word' id='word_1_6' title='bbox 858 963 923 1043; x_wconf 90' lang='lat' dir='ltr'><strong>De</strong></span> <span class='ocrx_word' id='word_1_7' title='bbox 955 962 1153 1044; x_wconf 83' lang='lat' dir='ltr'><strong>Balsama.</strong></span> <span class='ocrx_word' id='word_1_8' title='bbox 1546 957 1682 1059; x_wconf 81' lang='lat' dir='ltr'>Quare</span> <span class='ocrx_word' id='word_1_9' title='bbox 1715 958 1812 1042; x_wconf 88' lang='lat' dir='ltr'><strong>dicit</strong></span> <span class='ocrx_word' id='word_1_10' title='bbox 1844 961 2065 1070; x_wconf 81' lang='lat' dir='ltr'>Propheta:</span> <span class='ocrx_word' id='word_1_11' title='bbox 2088 980 2213 1053; x_wconf 62' lang='lat' dir='ltr'><strong>aaran</strong></span> <span class='ocrx_word' id='word_1_12' title='bbox 2233 968 2411 1033; x_wconf 72' lang='lat' dir='ltr'><strong>mandati</strong></span> <span class='ocrx_word' id='word_1_13' title='bbox 2433 959 2531 1043; x_wconf 71' lang='lat' dir='ltr'><strong>aas?</strong></span> 
     </span>
    </p>
   </div>
   <div class='ocr_carea' id='block_1_3' title="bbox 485 1174 2541 5661">
    <p class='ocr_par' dir='ltr' id='par_1_3' title="bbox 485 1174 2541 2809">
     <span class='ocr_line' id='line_1_3' title="bbox 601 1174 2527 1261; baseline 0.002 -19"><span class='ocrx_word' id='word_1_14' title='bbox 601 1179 795 1257; x_wconf 80' lang='grc' dir='ltr'>Βαὶιιιιιηιιιι,</span> <span class='ocrx_word' id='word_1_15' title='bbox 828 1192 880 1243; x_wconf 78' lang='lat' dir='ltr'><strong>est</strong></span> <span class='ocrx_word' id='word_1_16' title='bbox 910 1201 930 1243; x_wconf 89' lang='lat' dir='ltr'><strong>a</strong></span> <span class='ocrx_word' id='word_1_17' title='bbox 965 1177 1061 1256; x_wconf 85' lang='lat' dir='ltr'><strong>Baai,</strong></span> <span class='ocrx_word' id='word_1_18' title='bbox 1096 1179 1128 1241; x_wconf 95' lang='lat' dir='ltr'><strong>id</strong></span> <span class='ocrx_word' id='word_1_19' title='bbox 1163 1192 1227 1255; x_wconf 88' lang='lat' dir='ltr'><strong>est,</strong></span> <span class='ocrx_word' id='word_1_20' title='bbox 1261 1181 1426 1256; x_wconf 74' lang='lat' dir='ltr'><strong>dominuS,</strong></span> <span class='ocrx_word' id='word_1_21' title='bbox 1459 1190 1490 1241; x_wconf 91' lang='lat' dir='ltr'><strong>et</strong></span> <span class='ocrx_word' id='word_1_22' title='bbox 1632 1174 1718 1249; x_wconf 85' lang='lat' dir='ltr'><strong>Quia</strong></span> <span class='ocrx_word' id='word_1_23' title='bbox 1741 1174 1904 1240; x_wconf 85' lang='lat' dir='ltr'><strong>Diabolus</strong></span> <span class='ocrx_word' id='word_1_24' title='bbox 1927 1180 2035 1260; x_wconf 88' lang='lat' dir='ltr'><strong>rapuit</strong></span> <span class='ocrx_word' id='word_1_25' title='bbox 2062 1175 2245 1254; x_wconf 88' lang='lat' dir='ltr'><strong>hominem,</strong></span> <span class='ocrx_word' id='word_1_26' title='bbox 2273 1176 2527 1261; x_wconf 77' lang='lat' dir='ltr'><strong>possessionem</strong></span> 
     </span>
     <span class='ocr_line' id='line_1_4' title="bbox 512 1259 2526 1349; baseline -0.001 -21"><span class='ocrx_word' id='word_1_27' title='bbox 512 1266 670 1344; x_wconf 74' lang='lat' dir='ltr'><strong>Sebatum,</strong></span> <span class='ocrx_word' id='word_1_28' title='bbox 693 1266 726 1328; x_wconf 95' lang='lat' dir='ltr'><strong>id</strong></span> <span class='ocrx_word' id='word_1_29' title='bbox 749 1278 812 1339; x_wconf 81' lang='lat' dir='ltr'><strong>est,</strong></span> <span class='ocrx_word' id='word_1_30' title='bbox 834 1278 1052 1349; x_wconf 74' lang='lat' dir='ltr'><strong>unguentium</strong></span> <span class='ocrx_word' id='word_1_31' title='bbox 1088 1267 1182 1349; x_wconf 84' lang='lat' dir='ltr'><strong>quasi</strong></span> <span class='ocrx_word' id='word_1_32' title='bbox 1205 1266 1318 1342; x_wconf 83' lang='lat' dir='ltr'><strong>dicas,</strong></span> <span class='ocrx_word' id='word_1_33' title='bbox 1341 1265 1493 1327; x_wconf 83' lang='lat' dir='ltr'><strong>dominus</strong></span> <span class='ocrx_word' id='word_1_34' title='bbox 1545 1259 1622 1339; x_wconf 89' lang='lat' dir='ltr'><strong>Dei,</strong></span> <span class='ocrx_word' id='word_1_35' title='bbox 1647 1275 1678 1325; x_wconf 93' lang='lat' dir='ltr'><strong>et</strong></span> <span class='ocrx_word' id='word_1_36' title='bbox 1703 1261 1784 1325; x_wconf 87' lang='lat' dir='ltr'><strong>nibil</strong></span> <span class='ocrx_word' id='word_1_37' title='bbox 1796 1263 1884 1326; x_wconf 90' lang='lat' dir='ltr'><strong>dedit</strong></span> <span class='ocrx_word' id='word_1_38' title='bbox 1901 1262 1986 1326; x_wconf 87' lang='lat' dir='ltr'><strong>Deo.</strong></span> <span class='ocrx_word' id='word_1_39' title='bbox 2032 1259 2121 1327; x_wconf 85' lang='lat' dir='ltr'><strong>Nibil</strong></span> <span class='ocrx_word' id='word_1_40' title='bbox 2144 1266 2239 1328; x_wconf 90' lang='lat' dir='ltr'><strong>etiam</strong></span> <span class='ocrx_word' id='word_1_41' title='bbox 2260 1264 2337 1326; x_wconf 89' lang='lat' dir='ltr'><strong>boni</strong></span> <span class='ocrx_word' id='word_1_42' title='bbox 2361 1262 2453 1326; x_wconf 91' lang='lat' dir='ltr'><strong>dedit</strong></span> <span class='ocrx_word' id='word_1_43' title='bbox 2467 1260 2526 1329; x_wconf 85' lang='lat' dir='ltr'><strong>ho-</strong></span> 
     </span>
     <span class='ocr_line' id='line_1_5' title="bbox 513 1346 2541 1458; baseline -0.001 -41"><span class='ocrx_word' id='word_1_44' title='bbox 513 1349 569 1418; x_wconf 93' lang='lat' dir='ltr'><strong>vel</strong></span> <span class='ocrx_word' id='word_1_45' title='bbox 590 1355 746 1438; x_wconf 85' lang='lat' dir='ltr'><strong>princeps</strong></span> <span class='ocrx_word' id='word_1_46' title='bbox 769 1353 944 1437; x_wconf 87' lang='lat' dir='ltr'><strong>unguenti,</strong></span> <span class='ocrx_word' id='word_1_47' title='bbox 970 1350 1023 1414; x_wconf 89' lang='lat' dir='ltr'><strong>vel</strong></span> <span class='ocrx_word' id='word_1_48' title='bbox 1046 1352 1321 1435; x_wconf 82' lang='lat' dir='ltr'><strong>protiosissimum</strong></span> <span class='ocrx_word' id='word_1_49' title='bbox 1347 1371 1494 1434; x_wconf 86' lang='lat' dir='ltr'><strong>unguen·</strong></span> <span class='ocrx_word' id='word_1_50' title='bbox 1516 1382 1527 1458; x_wconf 55' lang='lat' dir='ltr'>s</span> <span class='ocrx_word' id='word_1_51' title='bbox 1547 1349 1640 1411; x_wconf 87' lang='lat' dir='ltr'><strong>mini:</strong></span> <span class='ocrx_word' id='word_1_52' title='bbox 1675 1363 1727 1411; x_wconf 83' lang='lat' dir='ltr'><strong>est</strong></span> <span class='ocrx_word' id='word_1_53' title='bbox 1761 1351 1885 1431; x_wconf 86' lang='lat' dir='ltr'><strong>praedo</strong></span> <span class='ocrx_word' id='word_1_54' title='bbox 1918 1362 1950 1412; x_wconf 93' lang='lat' dir='ltr'><strong>et</strong></span> <span class='ocrx_word' id='word_1_55' title='bbox 1985 1361 2108 1431; x_wconf 88' lang='lat' dir='ltr'><strong>raptor.</strong></span> <span class='ocrx_word' id='word_1_56' title='bbox 2164 1347 2239 1412; x_wconf 84' lang='lat' dir='ltr'><strong>Non</strong></span> <span class='ocrx_word' id='word_1_57' title='bbox 2264 1349 2351 1413; x_wconf 91' lang='lat' dir='ltr'><strong>dedit</strong></span> <span class='ocrx_word' id='word_1_58' title='bbox 2374 1346 2541 1433; x_wconf 63' lang='lat' dir='ltr'><strong>pretium,</strong></span> 
     </span>
     <span class='ocr_line' id='line_1_6' title="bbox 514 1433 2531 1522; baseline -0 -19"><span class='ocrx_word' id='word_1_59' title='bbox 514 1434 590 1503; x_wconf 90' lang='lat' dir='ltr'><strong>tum.</strong></span> <span class='ocrx_word' id='word_1_60' title='bbox 637 1439 764 1515; x_wconf 82' lang='lat' dir='ltr'><strong>Credo,</strong></span> <span class='ocrx_word' id='word_1_61' title='bbox 797 1439 885 1522; x_wconf 88' lang='lat' dir='ltr'><strong>quod</strong></span> <span class='ocrx_word' id='word_1_62' title='bbox 908 1438 1001 1501; x_wconf 87' lang='lat' dir='ltr'><strong>Deus</strong></span> <span class='ocrx_word' id='word_1_63' title='bbox 1035 1440 1173 1520; x_wconf 92' lang='lat' dir='ltr'><strong>primum</strong></span> <span class='ocrx_word' id='word_1_64' title='bbox 1196 1436 1354 1500; x_wconf 75' lang='lat' dir='ltr'><strong>Abrabae</strong></span> <span class='ocrx_word' id='word_1_65' title='bbox 1383 1452 1494 1501; x_wconf 92' lang='lat' dir='ltr'><strong>osten·</strong></span> <span class='ocrx_word' id='word_1_66' title='bbox 1545 1435 1621 1498; x_wconf 89' lang='lat' dir='ltr'><strong>ideo</strong></span> <span class='ocrx_word' id='word_1_67' title='bbox 1649 1435 1704 1498; x_wconf 88' lang='lat' dir='ltr'><strong>hie</strong></span> <span class='ocrx_word' id='word_1_68' title='bbox 1727 1445 1907 1518; x_wconf 89' lang='lat' dir='ltr'><strong>usurpatur</strong></span> <span class='ocrx_word' id='word_1_69' title='bbox 1935 1433 2136 1500; x_wconf 87' lang='lat' dir='ltr'><strong>vocabulum</strong></span> <span class='ocrx_word' id='word_1_70' title='bbox 2158 1434 2285 1519; x_wconf 70' lang='grc' dir='ltr'><em>λῃσιῆς,</em></span> <span class='ocrx_word' id='word_1_71' title='bbox 2319 1436 2410 1519; x_wconf 68' lang='lat' dir='ltr'><strong>quam</strong></span> <span class='ocrx_word' id='word_1_72' title='bbox 2433 1446 2488 1501; x_wconf 78' lang='lat' dir='ltr'><strong>eat</strong></span> <span class='ocrx_word' id='word_1_73' title='bbox 2507 1455 2531 1501; x_wconf 74' lang='lat' dir='ltr'><strong>a</strong></span> 
     </span>
     <span class='ocr_line' id='line_1_7' title="bbox 514 1478 2528 1606; baseline -0.001 -17"><span class='ocrx_word' id='word_1_74' title='bbox 514 1527 561 1589; x_wconf 91' lang='lat' dir='ltr'><strong>dit</strong></span> <span class='ocrx_word' id='word_1_75' title='bbox 580 1522 777 1589; x_wconf 88' lang='lat' dir='ltr'><strong>balsamum:</strong></span> <span class='ocrx_word' id='word_1_76' title='bbox 801 1536 836 1587; x_wconf 90' lang='grc' dir='ltr'><strong>ιιι</strong></span> <span class='ocrx_word' id='word_1_77' title='bbox 859 1524 951 1587; x_wconf 90' lang='lat' dir='ltr'><strong>Noae</strong></span> <span class='ocrx_word' id='word_1_78' title='bbox 974 1525 1112 1606; x_wconf 91' lang='lat' dir='ltr'><strong>primum</strong></span> <span class='ocrx_word' id='word_1_79' title='bbox 1135 1524 1279 1586; x_wconf 78' lang='lat' dir='ltr'><strong>ostendit</strong></span> <span class='ocrx_word' id='word_1_80' title='bbox 1300 1524 1422 1598; x_wconf 85' lang='lat' dir='ltr'><strong>viuum,</strong></span> <span class='ocrx_word' id='word_1_81' title='bbox 1451 1522 1494 1586; x_wconf 90' lang='lat' dir='ltr'><strong>ad</strong></span> <span class='ocrx_word' id='word_1_82' title='bbox 1517 1478 1526 1603; x_wconf 77' lang='lat' dir='ltr'><strong>l</strong></span> <span class='ocrx_word' id='word_1_83' title='bbox 1547 1524 1651 1600; x_wconf 76' lang='grc' dir='ltr'><strong><em>ληίζω,</em></strong></span> <span class='ocrx_word' id='word_1_84' title='bbox 1663 1522 1696 1584; x_wconf 93' lang='lat' dir='ltr'><strong>id</strong></span> <span class='ocrx_word' id='word_1_85' title='bbox 1708 1533 1772 1597; x_wconf 88' lang='lat' dir='ltr'><strong>est,</strong></span> <span class='ocrx_word' id='word_1_86' title='bbox 1783 1523 1925 1605; x_wconf 88' lang='lat' dir='ltr'><strong>praedas</strong></span> <span class='ocrx_word' id='word_1_87' title='bbox 1937 1541 2019 1605; x_wconf 85' lang='lat' dir='ltr'><strong>ago:</strong></span> <span class='ocrx_word' id='word_1_88' title='bbox 2041 1519 2157 1601; x_wconf 62' lang='lat' dir='ltr'><strong>incida,</strong></span> <span class='ocrx_word' id='word_1_89' title='bbox 2171 1523 2308 1605; x_wconf 87' lang='lat' dir='ltr'><strong>praedo,</strong></span> <span class='ocrx_word' id='word_1_90' title='bbox 2329 1527 2380 1584; x_wconf 80' lang='lat' dir='ltr'><strong>tta</strong></span> <span class='ocrx_word' id='word_1_91' title='bbox 2390 1520 2528 1605; x_wconf 69' lang='lat' dir='ltr'><strong>praeda·</strong></span> 
     </span>
     <span class='ocr_line' id='line_1_8' title="bbox 514 1606 2529 1693; baseline -0.002 -16"><span class='ocrx_word' id='word_1_92' title='bbox 514 1610 760 1678; x_wconf 85' lang='lat' dir='ltr'><strong>confirmandas</strong></span> <span class='ocrx_word' id='word_1_93' title='bbox 781 1612 868 1674; x_wconf 88' lang='lat' dir='ltr'><strong>vires</strong></span> <span class='ocrx_word' id='word_1_94' title='bbox 891 1610 1090 1684; x_wconf 82' lang='lat' dir='ltr'><strong>senectutis3</strong></span> <span class='ocrx_word' id='word_1_95' title='bbox 1124 1610 1200 1693; x_wconf 87' lang='lat' dir='ltr'><strong>quia</strong></span> <span class='ocrx_word' id='word_1_96' title='bbox 1227 1610 1337 1673; x_wconf 89' lang='lat' dir='ltr'><strong>vinum</strong></span> <span class='ocrx_word' id='word_1_97' title='bbox 1360 1620 1412 1672; x_wconf 76' lang='lat' dir='ltr'><strong>est</strong></span> <span class='ocrx_word' id='word_1_98' title='bbox 1436 1611 1494 1671; x_wconf 90' lang='lat' dir='ltr'><strong>bo·</strong></span> <span class='ocrx_word' id='word_1_99' title='bbox 1516 1625 1521 1683; x_wconf 78' lang='grc' dir='ltr'><strong>ι</strong></span> <span class='ocrx_word' id='word_1_100' title='bbox 1546 1606 1675 1671; x_wconf 89' lang='lat' dir='ltr'><strong>Venum</strong></span> <span class='ocrx_word' id='word_1_101' title='bbox 1711 1609 1809 1672; x_wconf 87' lang='lat' dir='ltr'><strong>datus</strong></span> <span class='ocrx_word' id='word_1_102' title='bbox 1842 1609 1933 1671; x_wconf 89' lang='lat' dir='ltr'><strong>venit</strong></span> <span class='ocrx_word' id='word_1_103' title='bbox 1961 1629 1981 1671; x_wconf 90' lang='lat' dir='ltr'><strong>a</strong></span> <span class='ocrx_word' id='word_1_104' title='bbox 2005 1628 2121 1685; x_wconf 74' lang='grc' dir='ltr'>οειιιιιιι,</span> <span class='ocrx_word' id='word_1_105' title='bbox 2153 1622 2185 1672; x_wconf 87' lang='lat' dir='ltr'><strong>et</strong></span> <span class='ocrx_word' id='word_1_106' title='bbox 2207 1608 2261 1670; x_wconf 86' lang='lat' dir='ltr'><strong>do.</strong></span> <span class='ocrx_word' id='word_1_107' title='bbox 2316 1606 2451 1671; x_wconf 81' lang='lat' dir='ltr'><strong>Verium</strong></span> <span class='ocrx_word' id='word_1_108' title='bbox 2484 1606 2529 1673; x_wconf 88' lang='lat' dir='ltr'><strong>ab</strong></span> 
     </span>
     <span class='ocr_line' id='line_1_9' title="bbox 512 1691 2528 1779; baseline -0.003 -18"><span class='ocrx_word' id='word_1_109' title='bbox 512 1718 590 1761; x_wconf 92' lang='lat' dir='ltr'><strong>num</strong></span> <span class='ocrx_word' id='word_1_110' title='bbox 623 1698 872 1773; x_wconf 76' lang='lat' dir='ltr'><strong>nutrimentum,</strong></span> <span class='ocrx_word' id='word_1_111' title='bbox 900 1706 932 1759; x_wconf 90' lang='lat' dir='ltr'><strong>et</strong></span> <span class='ocrx_word' id='word_1_112' title='bbox 961 1691 1112 1758; x_wconf 88' lang='lat' dir='ltr'><strong>calefacit</strong></span> <span class='ocrx_word' id='word_1_113' title='bbox 1143 1712 1278 1779; x_wconf 80' lang='lat' dir='ltr'><strong>corpus,</strong></span> <span class='ocrx_word' id='word_1_114' title='bbox 1322 1693 1495 1759; x_wconf 72' lang='lat' dir='ltr'><strong>cerevisia</strong></span> <span class='ocrx_word' id='word_1_115' title='bbox 1546 1691 1644 1772; x_wconf 80' lang='grc' dir='ltr'>ὤνιον,</span> <span class='ocrx_word' id='word_1_116' title='bbox 1664 1693 1695 1756; x_wconf 90' lang='lat' dir='ltr'><strong>id</strong></span> <span class='ocrx_word' id='word_1_117' title='bbox 1721 1705 1789 1772; x_wconf 91' lang='lat' dir='ltr'><strong>est,</strong></span> <span class='ocrx_word' id='word_1_118' title='bbox 1814 1691 1947 1769; x_wconf 78' lang='lat' dir='ltr'><strong>venale,</strong></span> <span class='ocrx_word' id='word_1_119' title='bbox 1977 1694 2038 1754; x_wconf 83' lang='lat' dir='ltr'><strong>das</strong></span> <span class='ocrx_word' id='word_1_120' title='bbox 2060 1716 2130 1755; x_wconf 80' lang='lat' dir='ltr'><strong>aran</strong></span> <span class='ocrx_word' id='word_1_121' title='bbox 2153 1701 2251 1754; x_wconf 85' lang='lat' dir='ltr'><strong>etwas</strong></span> <span class='ocrx_word' id='word_1_122' title='bbox 2272 1694 2340 1754; x_wconf 81' lang='lat' dir='ltr'><strong>arrh</strong></span> <span class='ocrx_word' id='word_1_123' title='bbox 2361 1693 2451 1775; x_wconf 63' lang='lat' dir='ltr'><strong>giht,</strong></span> <span class='ocrx_word' id='word_1_124' title='bbox 2484 1695 2528 1760; x_wconf 82' lang='lat' dir='ltr'><strong>ab</strong></span> 
     </span>
     <span class='ocr_line' id='line_1_10' title="bbox 512 1777 2528 1867; baseline -0.003 -17"><span class='ocrx_word' id='word_1_125' title='bbox 512 1797 566 1850; x_wconf 86' lang='lat' dir='ltr'><strong>est</strong></span> <span class='ocrx_word' id='word_1_126' title='bbox 587 1783 743 1847; x_wconf 87' lang='lat' dir='ltr'><strong>imitatrix</strong></span> <span class='ocrx_word' id='word_1_127' title='bbox 767 1783 846 1858; x_wconf 89' lang='lat' dir='ltr'><strong>vini,</strong></span> <span class='ocrx_word' id='word_1_128' title='bbox 868 1783 898 1845; x_wconf 86' lang='lat' dir='ltr'><strong>si</strong></span> <span class='ocrx_word' id='word_1_129' title='bbox 921 1796 1012 1844; x_wconf 89' lang='lat' dir='ltr'><strong>recte</strong></span> <span class='ocrx_word' id='word_1_130' title='bbox 1031 1794 1063 1843; x_wconf 92' lang='lat' dir='ltr'><strong>et</strong></span> <span class='ocrx_word' id='word_1_131' title='bbox 1085 1782 1169 1845; x_wconf 85' lang='lat' dir='ltr'><strong>bene</strong></span> <span class='ocrx_word' id='word_1_132' title='bbox 1187 1781 1347 1867; x_wconf 76' lang='lat' dir='ltr'><strong>coquitur.</strong></span> <span class='ocrx_word' id='word_1_133' title='bbox 1371 1779 1495 1860; x_wconf 76' lang='lat' dir='ltr'><strong>Credo,</strong></span> <span class='ocrx_word' id='word_1_134' title='bbox 1546 1778 1698 1860; x_wconf 76' lang='grc' dir='ltr'><strong>ὠνοῦμαι,</strong></span> <span class='ocrx_word' id='word_1_135' title='bbox 1728 1777 1895 1844; x_wconf 87' lang='lat' dir='ltr'><strong>transfero</strong></span> <span class='ocrx_word' id='word_1_136' title='bbox 1919 1801 1979 1863; x_wconf 89' lang='lat' dir='ltr'><strong>pro</strong></span> <span class='ocrx_word' id='word_1_137' title='bbox 2008 1782 2133 1864; x_wconf 77' lang='lat' dir='ltr'><strong>pretio,</strong></span> <span class='ocrx_word' id='word_1_138' title='bbox 2167 1780 2256 1864; x_wconf 85' lang='lat' dir='ltr'><strong>quod</strong></span> <span class='ocrx_word' id='word_1_139' title='bbox 2280 1792 2332 1844; x_wconf 90' lang='lat' dir='ltr'><strong>est</strong></span> <span class='ocrx_word' id='word_1_140' title='bbox 2355 1782 2397 1845; x_wconf 92' lang='lat' dir='ltr'><strong>ab</strong></span> <span class='ocrx_word' id='word_1_141' title='bbox 2428 1778 2528 1862; x_wconf 70' lang='lat' dir='ltr'><strong>draps,</strong></span> 
     </span>
     <span class='ocr_line' id='line_1_11' title="bbox 513 1863 2528 1955; baseline -0.001 -22"><span class='ocrx_word' id='word_1_142' title='bbox 513 1872 603 1955; x_wconf 91' lang='lat' dir='ltr'><strong>quod</strong></span> <span class='ocrx_word' id='word_1_143' title='bbox 625 1870 731 1933; x_wconf 87' lang='lat' dir='ltr'><strong>nostri</strong></span> <span class='ocrx_word' id='word_1_144' title='bbox 753 1868 896 1931; x_wconf 87' lang='lat' dir='ltr'><strong>maiores</strong></span> <span class='ocrx_word' id='word_1_145' title='bbox 909 1865 1084 1931; x_wconf 87' lang='lat' dir='ltr'><strong>habuerint</strong></span> <span class='ocrx_word' id='word_1_146' title='bbox 1096 1864 1266 1932; x_wconf 87' lang='lat' dir='ltr'><strong>meliorem</strong></span> <span class='ocrx_word' id='word_1_147' title='bbox 1280 1867 1494 1932; x_wconf 89' lang='lat' dir='ltr'><strong>cerevisiam:</strong></span> <span class='ocrx_word' id='word_1_148' title='bbox 1546 1866 1636 1942; x_wconf 92' lang='lat' dir='ltr'><strong>iuvo,</strong></span> <span class='ocrx_word' id='word_1_149' title='bbox 1659 1863 1832 1930; x_wconf 82' lang='lat' dir='ltr'><strong>utilitatem</strong></span> <span class='ocrx_word' id='word_1_150' title='bbox 1859 1864 1974 1930; x_wconf 86' lang='lat' dir='ltr'><strong>affero.</strong></span> <span class='ocrx_word' id='word_1_151' title='bbox 2025 1866 2061 1928; x_wconf 91' lang='grc' dir='ltr'><strong>Ιιι</strong></span> <span class='ocrx_word' id='word_1_152' title='bbox 2088 1866 2281 1933; x_wconf 79' lang='lat' dir='ltr'><strong>venditione</strong></span> <span class='ocrx_word' id='word_1_153' title='bbox 2307 1878 2448 1952; x_wconf 86' lang='lat' dir='ltr'><strong>uterque</strong></span> <span class='ocrx_word' id='word_1_154' title='bbox 2477 1868 2528 1933; x_wconf 89' lang='lat' dir='ltr'><strong>in·</strong></span> 
     </span>
     <span class='ocr_line' id='line_1_12' title="bbox 512 1950 2529 2041; baseline -0.001 -21"><span class='ocrx_word' id='word_1_155' title='bbox 512 1957 613 2041; x_wconf 86' lang='lat' dir='ltr'><strong>igitur</strong></span> <span class='ocrx_word' id='word_1_156' title='bbox 636 1955 756 2019; x_wconf 88' lang='lat' dir='ltr'><strong>diutius</strong></span> <span class='ocrx_word' id='word_1_157' title='bbox 779 1955 943 2029; x_wconf 78' lang='lat' dir='ltr'><strong>vixerunt,</strong></span> <span class='ocrx_word' id='word_1_158' title='bbox 984 1965 1017 2016; x_wconf 84' lang='lat' dir='ltr'><strong>ot</strong></span> <span class='ocrx_word' id='word_1_159' title='bbox 1043 1950 1175 2017; x_wconf 87' lang='lat' dir='ltr'><strong>fuerunt</strong></span> <span class='ocrx_word' id='word_1_160' title='bbox 1201 1954 1407 2016; x_wconf 78' lang='lat' dir='ltr'><strong>robustiores</strong></span> <span class='ocrx_word' id='word_1_161' title='bbox 1430 1954 1494 2018; x_wconf 84' lang='lat' dir='ltr'><strong>etsi</strong></span> <span class='ocrx_word' id='word_1_162' title='bbox 1545 1962 1651 2017; x_wconf 87' lang='lat' dir='ltr'><strong>vatur.</strong></span> <span class='ocrx_word' id='word_1_163' title='bbox 1696 1950 1733 2016; x_wconf 93' lang='lat' dir='ltr'><strong>ln</strong></span> <span class='ocrx_word' id='word_1_164' title='bbox 1755 1963 1854 2036; x_wconf 91' lang='lat' dir='ltr'><strong>raptu</strong></span> <span class='ocrx_word' id='word_1_165' title='bbox 1877 1972 1943 2016; x_wconf 92' lang='lat' dir='ltr'><strong>non</strong></span> <span class='ocrx_word' id='word_1_166' title='bbox 1966 1953 2100 2017; x_wconf 87' lang='lat' dir='ltr'><strong>iuvatur</strong></span> <span class='ocrx_word' id='word_1_167' title='bbox 2122 1966 2271 2038; x_wconf 89' lang='lat' dir='ltr'><strong>uterque.</strong></span> <span class='ocrx_word' id='word_1_168' title='bbox 2311 1953 2446 2036; x_wconf 80' lang='lat' dir='ltr'><strong>Sapiens</strong></span> <span class='ocrx_word' id='word_1_169' title='bbox 2467 1970 2529 2019; x_wconf 85' lang='lat' dir='ltr'><strong>ve·</strong></span> 
     </span>
     <span class='ocr_line' id='line_1_13' title="bbox 512 2036 2530 2126; baseline -0.001 -19"><span class='ocrx_word' id='word_1_170' title='bbox 512 2040 576 2126; x_wconf 84' lang='lat' dir='ltr'><strong>ipsi</strong></span> <span class='ocrx_word' id='word_1_171' title='bbox 600 2061 733 2126; x_wconf 83' lang='lat' dir='ltr'><strong>quoque</strong></span> <span class='ocrx_word' id='word_1_172' title='bbox 765 2060 804 2104; x_wconf 89' lang='lat' dir='ltr'><strong>se</strong></span> <span class='ocrx_word' id='word_1_173' title='bbox 833 2060 900 2103; x_wconf 89' lang='lat' dir='ltr'><strong>non</strong></span> <span class='ocrx_word' id='word_1_174' title='bbox 929 2039 1182 2124; x_wconf 83' lang='lat' dir='ltr'><strong>ingurgitarunt.</strong></span> <span class='ocrx_word' id='word_1_175' title='bbox 1237 2038 1407 2103; x_wconf 73' lang='lat' dir='ltr'><strong>Abrabam</strong></span> <span class='ocrx_word' id='word_1_176' title='bbox 1434 2039 1495 2103; x_wconf 86' lang='lat' dir='ltr'><strong>fuit</strong></span> <span class='ocrx_word' id='word_1_177' title='bbox 1516 2080 1521 2091; x_wconf 85' lang='lat'><strong>.</strong></span> <span class='ocrx_word' id='word_1_178' title='bbox 1546 2050 1672 2116; x_wconf 77' lang='lat' dir='ltr'><strong>tustaS‚</strong></span> <span class='ocrx_word' id='word_1_179' title='bbox 1701 2058 1787 2122; x_wconf 89' lang='lat' dir='ltr'><strong>quae</strong></span> <span class='ocrx_word' id='word_1_180' title='bbox 1809 2038 1922 2102; x_wconf 85' lang='lat' dir='ltr'><strong>indidit</strong></span> <span class='ocrx_word' id='word_1_181' title='bbox 1945 2041 2078 2102; x_wconf 86' lang='lat' dir='ltr'><strong>nomina</strong></span> <span class='ocrx_word' id='word_1_182' title='bbox 2101 2041 2221 2116; x_wconf 83' lang='lat' dir='ltr'><strong>rebus,</strong></span> <span class='ocrx_word' id='word_1_183' title='bbox 2253 2036 2391 2123; x_wconf 89' lang='lat' dir='ltr'><strong>pulchre</strong></span> <span class='ocrx_word' id='word_1_184' title='bbox 2412 2036 2530 2107; x_wconf 75' lang='lat' dir='ltr'><strong>locuta</strong></span> 
     </span>
     <span class='ocr_line' id='line_1_14' title="bbox 485 2123 2529 2210; baseline -0.001 -17"><span class='ocrx_word' id='word_1_185' title='bbox 485 2201 491 2207; x_wconf 67' lang='lat'><strong>,.</strong></span> <span class='ocrx_word' id='word_1_186' title='bbox 513 2128 678 2204; x_wconf 74' lang='lat' dir='ltr'><strong>bledicnS,</strong></span> <span class='ocrx_word' id='word_1_187' title='bbox 700 2138 732 2190; x_wconf 89' lang='lat' dir='ltr'><strong>et</strong></span> <span class='ocrx_word' id='word_1_188' title='bbox 754 2146 816 2210; x_wconf 90' lang='lat' dir='ltr'><strong>per</strong></span> <span class='ocrx_word' id='word_1_189' title='bbox 837 2123 924 2190; x_wconf 88' lang='lat' dir='ltr'><strong>hanc</strong></span> <span class='ocrx_word' id='word_1_190' title='bbox 943 2137 1046 2189; x_wconf 93' lang='lat' dir='ltr'><strong>artem</strong></span> <span class='ocrx_word' id='word_1_191' title='bbox 1069 2123 1184 2190; x_wconf 88' lang='lat' dir='ltr'><strong>habuit</strong></span> <span class='ocrx_word' id='word_1_192' title='bbox 1202 2126 1324 2189; x_wconf 85' lang='lat' dir='ltr'><strong>aditum</strong></span> <span class='ocrx_word' id='word_1_193' title='bbox 1342 2128 1384 2189; x_wconf 88' lang='lat' dir='ltr'><strong>ad</strong></span> <span class='ocrx_word' id='word_1_194' title='bbox 1408 2127 1495 2209; x_wconf 78' lang='lat' dir='ltr'><strong>prin·</strong></span> <span class='ocrx_word' id='word_1_195' title='bbox 1546 2135 1614 2188; x_wconf 86' lang='lat' dir='ltr'><strong>est:</strong></span> <span class='ocrx_word' id='word_1_196' title='bbox 1639 2125 1760 2202; x_wconf 92' lang='lat' dir='ltr'><strong>vendo,</strong></span> <span class='ocrx_word' id='word_1_197' title='bbox 1784 2137 1836 2188; x_wconf 85' lang='lat' dir='ltr'><strong>est</strong></span> <span class='ocrx_word' id='word_1_198' title='bbox 1855 2125 1993 2209; x_wconf 87' lang='lat' dir='ltr'><strong>pretium</strong></span> <span class='ocrx_word' id='word_1_199' title='bbox 2017 2125 2072 2187; x_wconf 83' lang='lat' dir='ltr'><strong>do.</strong></span> <span class='ocrx_word' id='word_1_200' title='bbox 2107 2126 2142 2188; x_wconf 85' lang='lat' dir='ltr'><strong>Si</strong></span> <span class='ocrx_word' id='word_1_201' title='bbox 2166 2127 2266 2189; x_wconf 87' lang='lat' dir='ltr'><strong>debet</strong></span> <span class='ocrx_word' id='word_1_202' title='bbox 2283 2125 2451 2190; x_wconf 88' lang='lat' dir='ltr'><strong>bominum</strong></span> <span class='ocrx_word' id='word_1_203' title='bbox 2475 2145 2529 2191; x_wconf 88' lang='lat' dir='ltr'><strong>so·</strong></span> 
     </span>
     <span class='ocr_line' id='line_1_15' title="bbox 514 2201 2531 2298; baseline -0.001 -19"><span class='ocrx_word' id='word_1_204' title='bbox 514 2215 618 2298; x_wconf 79' lang='lat' dir='ltr'><strong>cipes,</strong></span> <span class='ocrx_word' id='word_1_205' title='bbox 662 2212 738 2277; x_wconf 90' lang='lat' dir='ltr'><strong>Fuit</strong></span> <span class='ocrx_word' id='word_1_206' title='bbox 766 2212 979 2276; x_wconf 83' lang='lat' dir='ltr'><strong>doctissimus</strong></span> <span class='ocrx_word' id='word_1_207' title='bbox 1010 2213 1061 2276; x_wconf 93' lang='lat' dir='ltr'><strong>vir</strong></span> <span class='ocrx_word' id='word_1_208' title='bbox 1083 2231 1164 2275; x_wconf 89' lang='lat' dir='ltr'><strong>suae</strong></span> <span class='ocrx_word' id='word_1_209' title='bbox 1188 2212 1326 2288; x_wconf 87' lang='lat' dir='ltr'><strong>aetatis,</strong></span> <span class='ocrx_word' id='word_1_210' title='bbox 1355 2224 1388 2275; x_wconf 91' lang='lat' dir='ltr'><strong>et</strong></span> <span class='ocrx_word' id='word_1_211' title='bbox 1410 2231 1494 2276; x_wconf 87' lang='lat' dir='ltr'><strong>usus</strong></span> <span class='ocrx_word' id='word_1_212' title='bbox 1546 2211 1650 2274; x_wconf 86' lang='lat' dir='ltr'><strong>cietas</strong></span> <span class='ocrx_word' id='word_1_213' title='bbox 1673 2229 1762 2288; x_wconf 88' lang='lat' dir='ltr'><strong>esse,</strong></span> <span class='ocrx_word' id='word_1_214' title='bbox 1784 2232 1849 2275; x_wconf 94' lang='lat' dir='ltr'><strong>non</strong></span> <span class='ocrx_word' id='word_1_215' title='bbox 1873 2232 2052 2294; x_wconf 87' lang='lat' dir='ltr'><strong>possumus</strong></span> <span class='ocrx_word' id='word_1_216' title='bbox 2072 2230 2188 2275; x_wconf 86' lang='lat' dir='ltr'><strong>carere</strong></span> <span class='ocrx_word' id='word_1_217' title='bbox 2211 2213 2451 2276; x_wconf 86' lang='lat' dir='ltr'><strong>contractibus.</strong></span> <span class='ocrx_word' id='word_1_218' title='bbox 2475 2201 2531 2286; x_wconf 76' lang='lat' dir='ltr'><strong>tis</strong></span> 
     </span>
     <span class='ocr_line' id='line_1_16' title="bbox 514 2294 2530 2384; baseline -0.001 -20"><span class='ocrx_word' id='word_1_219' title='bbox 514 2310 567 2364; x_wconf 87' lang='lat' dir='ltr'><strong>est</strong></span> <span class='ocrx_word' id='word_1_220' title='bbox 597 2294 746 2363; x_wconf 89' lang='lat' dir='ltr'><strong>balsamo</strong></span> <span class='ocrx_word' id='word_1_221' title='bbox 780 2310 947 2383; x_wconf 87' lang='lat' dir='ltr'><strong>tamquam</strong></span> <span class='ocrx_word' id='word_1_222' title='bbox 981 2300 1104 2382; x_wconf 91' lang='lat' dir='ltr'><strong>optimo</strong></span> <span class='ocrx_word' id='word_1_223' title='bbox 1138 2310 1171 2363; x_wconf 91' lang='lat' dir='ltr'><strong>et</strong></span> <span class='ocrx_word' id='word_1_224' title='bbox 1206 2299 1494 2383; x_wconf 83' lang='lat' dir='ltr'><strong>praestantissimo</strong></span> <span class='ocrx_word' id='word_1_225' title='bbox 1544 2322 1584 2376; x_wconf 83' lang='grc' dir='ltr'>τι,</span> <span class='ocrx_word' id='word_1_226' title='bbox 1602 2301 1653 2358; x_wconf 73' lang='lat' dir='ltr'><strong>aad</strong></span> <span class='ocrx_word' id='word_1_227' title='bbox 1676 2297 1750 2379; x_wconf 74' lang='grc' dir='ltr'><strong>λάβε</strong></span> <span class='ocrx_word' id='word_1_228' title='bbox 1773 2322 1814 2376; x_wconf 82' lang='grc' dir='ltr'>τι,</span> <span class='ocrx_word' id='word_1_229' title='bbox 1837 2297 1915 2361; x_wconf 92' lang='lat' dir='ltr'><strong>dicit</strong></span> <span class='ocrx_word' id='word_1_230' title='bbox 1936 2299 2157 2380; x_wconf 90' lang='lat' dir='ltr'><strong>proverbium.</strong></span> <span class='ocrx_word' id='word_1_231' title='bbox 2202 2296 2307 2384; x_wconf 88' lang='lat' dir='ltr'><strong>igitur</strong></span> <span class='ocrx_word' id='word_1_232' title='bbox 2328 2298 2425 2363; x_wconf 88' lang='lat' dir='ltr'><strong>dicit:</strong></span> <span class='ocrx_word' id='word_1_233' title='bbox 2448 2297 2530 2361; x_wconf 79' lang='lat' dir='ltr'><strong>Gra·</strong></span> 
     </span>
     <span class='ocr_line' id='line_1_17' title="bbox 512 2380 2528 2470; baseline -0.002 -20"><span class='ocrx_word' id='word_1_234' title='bbox 512 2386 678 2462; x_wconf 90' lang='lat' dir='ltr'><strong>remedio,</strong></span> <span class='ocrx_word' id='word_1_235' title='bbox 708 2385 798 2470; x_wconf 84' lang='lat' dir='ltr'><strong>qnod</strong></span> <span class='ocrx_word' id='word_1_236' title='bbox 829 2394 881 2447; x_wconf 85' lang='lat' dir='ltr'><strong>est</strong></span> <span class='ocrx_word' id='word_1_237' title='bbox 903 2386 1105 2463; x_wconf 86' lang='lat' dir='ltr'><strong>sanativum,</strong></span> <span class='ocrx_word' id='word_1_238' title='bbox 1128 2396 1161 2449; x_wconf 87' lang='lat' dir='ltr'><strong>et</strong></span> <span class='ocrx_word' id='word_1_239' title='bbox 1185 2380 1492 2468; x_wconf 87' lang='lat' dir='ltr'><strong>conglutinativum.</strong></span> <span class='ocrx_word' id='word_1_240' title='bbox 1546 2387 1587 2444; x_wconf 76' lang='lat' dir='ltr'><strong>tis</strong></span> <span class='ocrx_word' id='word_1_241' title='bbox 1610 2383 1787 2444; x_wconf 78' lang='lat' dir='ltr'><strong>oenrsrrrdati</strong></span> <span class='ocrx_word' id='word_1_242' title='bbox 1807 2387 1892 2444; x_wconf 82' lang='lat' dir='ltr'><strong>estis.</strong></span> <span class='ocrx_word' id='word_1_243' title='bbox 1938 2382 2006 2445; x_wconf 83' lang='lat' dir='ltr'><strong>Der</strong></span> <span class='ocrx_word' id='word_1_244' title='bbox 2038 2382 2153 2464; x_wconf 74' lang='lat' dir='ltr'><strong>Teuffel</strong></span> <span class='ocrx_word' id='word_1_245' title='bbox 2189 2382 2246 2445; x_wconf 84' lang='lat' dir='ltr'><strong>hat</strong></span> <span class='ocrx_word' id='word_1_246' title='bbox 2283 2387 2332 2445; x_wconf 88' lang='lat' dir='ltr'><strong>ait</strong></span> <span class='ocrx_word' id='word_1_247' title='bbox 2358 2383 2448 2446; x_wconf 85' lang='lat' dir='ltr'><strong>recht</strong></span> <span class='ocrx_word' id='word_1_248' title='bbox 2473 2404 2528 2466; x_wconf 76' lang='lat'><strong>9⁰·</strong></span> 
     </span>
     <span class='ocr_line' id='line_1_18' title="bbox 512 2466 2531 2555; baseline 0 -19"><span class='ocrx_word' id='word_1_249' title='bbox 512 2469 644 2538; x_wconf 88' lang='lat' dir='ltr'><strong>Dicitur</strong></span> <span class='ocrx_word' id='word_1_250' title='bbox 672 2472 761 2554; x_wconf 89' lang='lat' dir='ltr'><strong>apud</strong></span> <span class='ocrx_word' id='word_1_251' title='bbox 784 2468 1035 2548; x_wconf 88' lang='lat' dir='ltr'><strong>Dioscoridem‚</strong></span> <span class='ocrx_word' id='word_1_252' title='bbox 1070 2471 1161 2554; x_wconf 88' lang='lat' dir='ltr'><strong>quod</strong></span> <span class='ocrx_word' id='word_1_253' title='bbox 1190 2466 1321 2555; x_wconf 88' lang='lat' dir='ltr'><strong>guttula</strong></span> <span class='ocrx_word' id='word_1_254' title='bbox 1354 2467 1494 2534; x_wconf 90' lang='lat' dir='ltr'><strong>balsami</strong></span> <span class='ocrx_word' id='word_1_255' title='bbox 1549 2469 1657 2550; x_wconf 77' lang='lat' dir='ltr'><strong>hauffl,</strong></span> <span class='ocrx_word' id='word_1_256' title='bbox 1679 2468 1731 2529; x_wconf 86' lang='lat' dir='ltr'><strong>ich</strong></span> <span class='ocrx_word' id='word_1_257' title='bbox 1752 2468 1808 2529; x_wconf 79' lang='lat' dir='ltr'><strong>wil</strong></span> <span class='ocrx_word' id='word_1_258' title='bbox 1827 2468 1901 2529; x_wconf 77' lang='lat' dir='ltr'><strong>dish</strong></span> <span class='ocrx_word' id='word_1_259' title='bbox 1923 2469 2003 2530; x_wconf 80' lang='lat' dir='ltr'><strong>sarh</strong></span> <span class='ocrx_word' id='word_1_260' title='bbox 2020 2470 2186 2530; x_wconf 79' lang='lat' dir='ltr'><strong>wideramh</strong></span> <span class='ocrx_word' id='word_1_261' title='bbox 2204 2468 2291 2531; x_wconf 83' lang='lat' dir='ltr'><strong>nicht</strong></span> <span class='ocrx_word' id='word_1_262' title='bbox 2313 2469 2410 2532; x_wconf 71' lang='lat' dir='ltr'><strong>lasea</strong></span> <span class='ocrx_word' id='word_1_263' title='bbox 2435 2469 2531 2537; x_wconf 87' lang='lat' dir='ltr'><strong>Chri·</strong></span> 
     </span>
     <span class='ocr_line' id='line_1_19' title="bbox 513 2554 2528 2643; baseline 0 -21"><span class='ocrx_word' id='word_1_264' title='bbox 513 2554 691 2643; x_wconf 88' lang='lat' dir='ltr'><strong>opituletur</strong></span> <span class='ocrx_word' id='word_1_265' title='bbox 708 2554 881 2642; x_wconf 88' lang='lat' dir='ltr'><strong>pleuritidi.</strong></span> <span class='ocrx_word' id='word_1_266' title='bbox 938 2556 1046 2620; x_wconf 84' lang='lat' dir='ltr'><strong>Habet</strong></span> <span class='ocrx_word' id='word_1_267' title='bbox 1068 2557 1170 2641; x_wconf 88' lang='lat' dir='ltr'><strong>igitur</strong></span> <span class='ocrx_word' id='word_1_268' title='bbox 1192 2576 1346 2640; x_wconf 89' lang='lat' dir='ltr'><strong>magnam</strong></span> <span class='ocrx_word' id='word_1_269' title='bbox 1372 2558 1437 2621; x_wconf 94' lang='lat' dir='ltr'><strong>vim</strong></span> <span class='ocrx_word' id='word_1_270' title='bbox 1461 2557 1494 2618; x_wconf 92' lang='lat' dir='ltr'><strong>in</strong></span> <span class='ocrx_word' id='word_1_271' title='bbox 1546 2567 1618 2620; x_wconf 90' lang='lat' dir='ltr'><strong>stus</strong></span> <span class='ocrx_word' id='word_1_272' title='bbox 1642 2556 1678 2618; x_wconf 90' lang='lat' dir='ltr'><strong>tit</strong></span> <span class='ocrx_word' id='word_1_273' title='bbox 1699 2557 1845 2633; x_wconf 89' lang='lat' dir='ltr'><strong>victima,</strong></span> <span class='ocrx_word' id='word_1_274' title='bbox 1866 2568 1899 2619; x_wconf 92' lang='lat' dir='ltr'><strong>et</strong></span> <span class='ocrx_word' id='word_1_275' title='bbox 1922 2554 2025 2619; x_wconf 87' lang='lat' dir='ltr'><strong>solvit</strong></span> <span class='ocrx_word' id='word_1_276' title='bbox 2039 2555 2146 2642; x_wconf 77' lang='grc' dir='ltr'>λιῐιρον</span> <span class='ocrx_word' id='word_1_277' title='bbox 2168 2557 2265 2640; x_wconf 90' lang='lat' dir='ltr'><strong>patri,</strong></span> <span class='ocrx_word' id='word_1_278' title='bbox 2288 2578 2356 2623; x_wconf 90' lang='lat' dir='ltr'><strong>non</strong></span> <span class='ocrx_word' id='word_1_279' title='bbox 2371 2555 2528 2624; x_wconf 87' lang='lat' dir='ltr'><strong>Diabolo.</strong></span> 
     </span>
     <span class='ocr_line' id='line_1_20' title="bbox 512 2638 2510 2729; baseline 0.001 -22"><span class='ocrx_word' id='word_1_280' title='bbox 512 2642 718 2729; x_wconf 86' lang='lat' dir='ltr'><strong>purificando</strong></span> <span class='ocrx_word' id='word_1_281' title='bbox 742 2653 775 2706; x_wconf 90' lang='lat' dir='ltr'><strong>et</strong></span> <span class='ocrx_word' id='word_1_282' title='bbox 797 2639 1031 2706; x_wconf 82' lang='lat' dir='ltr'><strong>dissolvendo:</strong></span> <span class='ocrx_word' id='word_1_283' title='bbox 1053 2638 1095 2704; x_wconf 83' lang='lat' dir='ltr'><strong>Et</strong></span> <span class='ocrx_word' id='word_1_284' title='bbox 1114 2642 1210 2725; x_wconf 82' lang='lat' dir='ltr'><strong>qnod</strong></span> <span class='ocrx_word' id='word_1_285' title='bbox 1220 2662 1297 2704; x_wconf 86' lang='lat' dir='ltr'><strong>mox</strong></span> <span class='ocrx_word' id='word_1_286' title='bbox 1312 2639 1416 2723; x_wconf 89' lang='lat' dir='ltr'><strong>pellat</strong></span> <span class='ocrx_word' id='word_1_287' title='bbox 1428 2638 1495 2706; x_wconf 87' lang='lat' dir='ltr'><strong>cal-</strong></span> <span class='ocrx_word' id='word_1_288' title='bbox 1546 2639 1614 2706; x_wconf 89' lang='lat' dir='ltr'><strong>Sed</strong></span> <span class='ocrx_word' id='word_1_289' title='bbox 1637 2639 1803 2705; x_wconf 87' lang='lat' dir='ltr'><strong>Diabolus</strong></span> <span class='ocrx_word' id='word_1_290' title='bbox 1825 2643 1959 2724; x_wconf 90' lang='lat' dir='ltr'><strong>punitur</strong></span> <span class='ocrx_word' id='word_1_291' title='bbox 1979 2643 2109 2706; x_wconf 85' lang='lat' dir='ltr'><strong>iuterim</strong></span> <span class='ocrx_word' id='word_1_292' title='bbox 2131 2656 2269 2726; x_wconf 90' lang='lat' dir='ltr'><strong>propter</strong></span> <span class='ocrx_word' id='word_1_293' title='bbox 2290 2643 2510 2709; x_wconf 85' lang='lat' dir='ltr'><strong>mendacium.</strong></span> 
     </span>
     <span class='ocr_line' id='line_1_21' title="bbox 517 2726 2530 2809; baseline 0 -14"><span class='ocrx_word' id='word_1_294' title='bbox 517 2727 626 2806; x_wconf 74' lang='grc' dir='ltr'>οιιΙοε,</span> <span class='ocrx_word' id='word_1_295' title='bbox 649 2728 710 2789; x_wconf 85' lang='lat' dir='ltr'><strong>dns</strong></span> <span class='ocrx_word' id='word_1_296' title='bbox 730 2727 830 2788; x_wconf 83' lang='lat' dir='ltr'><strong>hohen</strong></span> <span class='ocrx_word' id='word_1_297' title='bbox 852 2728 906 2789; x_wconf 85' lang='lat' dir='ltr'><strong>die</strong></span> <span class='ocrx_word' id='word_1_298' title='bbox 927 2729 1133 2792; x_wconf 84' lang='lat' dir='ltr'><strong>recentiores</strong></span> <span class='ocrx_word' id='word_1_299' title='bbox 1156 2728 1316 2793; x_wconf 77' lang='lat' dir='ltr'><strong>ohservirt</strong></span> <span class='ocrx_word' id='word_1_300' title='bbox 1631 2726 1835 2809; x_wconf 82' lang='lat' dir='ltr'><strong>Reliqaemat</strong></span> <span class='ocrx_word' id='word_1_301' title='bbox 1855 2731 2100 2790; x_wconf 78' lang='grc' dir='ltr'>ιειιιίιιιονιιιιιιιιι</span> <span class='ocrx_word' id='word_1_302' title='bbox 2128 2729 2161 2792; x_wconf 85' lang='lat' dir='ltr'><strong>td</strong></span> <span class='ocrx_word' id='word_1_303' title='bbox 2188 2739 2253 2807; x_wconf 85' lang='lat' dir='ltr'><strong>est,</strong></span> <span class='ocrx_word' id='word_1_304' title='bbox 2281 2729 2391 2796; x_wconf 87' lang='lat' dir='ltr'><strong>adhuc</strong></span> <span class='ocrx_word' id='word_1_305' title='bbox 2415 2727 2530 2809; x_wconf 84' lang='lat' dir='ltr'><strong>talem,</strong></span> 
     </span>
    </p>

    <p class='ocr_par' dir='ltr' id='par_1_4' title="bbox 508 2811 2530 4450">
     <span class='ocr_line' id='line_1_22' title="bbox 599 2811 2530 2900; baseline 0.003 -23"><span class='ocrx_word' id='word_1_306' title='bbox 599 2813 663 2879; x_wconf 90' lang='lat' dir='ltr'><strong>Ubi</strong></span> <span class='ocrx_word' id='word_1_307' title='bbox 686 2834 775 2879; x_wconf 91' lang='lat' dir='ltr'><strong>nnnc</strong></span> <span class='ocrx_word' id='word_1_308' title='bbox 797 2816 840 2877; x_wconf 92' lang='lat' dir='ltr'><strong>sit</strong></span> <span class='ocrx_word' id='word_1_309' title='bbox 858 2812 1056 2892; x_wconf 85' lang='lat' dir='ltr'><strong>balsamum,</strong></span> <span class='ocrx_word' id='word_1_310' title='bbox 1076 2825 1133 2876; x_wconf 90' lang='lat' dir='ltr'><strong>aut</strong></span> <span class='ocrx_word' id='word_1_311' title='bbox 1150 2811 1261 2898; x_wconf 88' lang='lat' dir='ltr'><strong>quale,</strong></span> <span class='ocrx_word' id='word_1_312' title='bbox 1284 2815 1409 2893; x_wconf 90' lang='lat' dir='ltr'><strong>nescio,</strong></span> <span class='ocrx_word' id='word_1_313' title='bbox 1431 2813 1495 2876; x_wconf 90' lang='lat' dir='ltr'><strong>nisi</strong></span> <span class='ocrx_word' id='word_1_314' title='bbox 1546 2814 1603 2899; x_wconf 89' lang='lat' dir='ltr'><strong>qui</strong></span> <span class='ocrx_word' id='word_1_315' title='bbox 1625 2826 1742 2898; x_wconf 89' lang='lat' dir='ltr'><strong>posset</strong></span> <span class='ocrx_word' id='word_1_316' title='bbox 1764 2815 1902 2879; x_wconf 89' lang='lat' dir='ltr'><strong>restitui.</strong></span> <span class='ocrx_word' id='word_1_317' title='bbox 1949 2813 2065 2879; x_wconf 90' lang='lat' dir='ltr'><strong>Genus</strong></span> <span class='ocrx_word' id='word_1_318' title='bbox 2088 2812 2265 2879; x_wconf 87' lang='lat' dir='ltr'><strong>humanum</strong></span> <span class='ocrx_word' id='word_1_319' title='bbox 2288 2816 2334 2879; x_wconf 89' lang='lat' dir='ltr'><strong>ita</strong></span> <span class='ocrx_word' id='word_1_320' title='bbox 2356 2817 2472 2900; x_wconf 90' lang='lat' dir='ltr'><strong>periit,</strong></span> <span class='ocrx_word' id='word_1_321' title='bbox 2494 2826 2530 2882; x_wconf 88' lang='grc' dir='ltr'><strong>ιιι</strong></span> 
     </span>
     <span class='ocr_line' id='line_1_23' title="bbox 514 2896 2529 2987; baseline 0.001 -24"><span class='ocrx_word' id='word_1_322' title='bbox 514 2903 604 2987; x_wconf 81' lang='lat' dir='ltr'><strong>qnod</strong></span> <span class='ocrx_word' id='word_1_323' title='bbox 637 2903 669 2964; x_wconf 90' lang='lat' dir='ltr'><strong>in</strong></span> <span class='ocrx_word' id='word_1_324' title='bbox 693 2900 1020 2985; x_wconf 62' lang='lat' dir='ltr'><strong>peregrinationibus</strong></span> <span class='ocrx_word' id='word_1_325' title='bbox 1042 2897 1241 2961; x_wconf 72' lang='lat' dir='ltr'><strong>Broteaharh</strong></span> <span class='ocrx_word' id='word_1_326' title='bbox 1273 2896 1395 2962; x_wconf 88' lang='lat' dir='ltr'><strong>nobilis</strong></span> <span class='ocrx_word' id='word_1_327' title='bbox 1417 2897 1495 2963; x_wconf 81' lang='lat' dir='ltr'><strong>Mis·</strong></span> <span class='ocrx_word' id='word_1_328' title='bbox 1545 2901 1653 2984; x_wconf 85' lang='lat' dir='ltr'><strong>possit</strong></span> <span class='ocrx_word' id='word_1_329' title='bbox 1675 2899 1814 2969; x_wconf 82' lang='lat' dir='ltr'><strong>restitui,</strong></span> <span class='ocrx_word' id='word_1_330' title='bbox 1836 2898 2001 2965; x_wconf 82' lang='lat' dir='ltr'><strong>Diabolus</strong></span> <span class='ocrx_word' id='word_1_331' title='bbox 2023 2901 2130 2985; x_wconf 87' lang='lat' dir='ltr'><strong>periit,</strong></span> <span class='ocrx_word' id='word_1_332' title='bbox 2153 2913 2189 2966; x_wconf 92' lang='grc' dir='ltr'><strong>ιιι</strong></span> <span class='ocrx_word' id='word_1_333' title='bbox 2211 2921 2280 2966; x_wconf 90' lang='grc' dir='ltr'>ιιοιι</span> <span class='ocrx_word' id='word_1_334' title='bbox 2300 2903 2411 2986; x_wconf 82' lang='lat' dir='ltr'><strong>possit</strong></span> <span class='ocrx_word' id='word_1_335' title='bbox 2432 2902 2529 2967; x_wconf 79' lang='lat' dir='ltr'><strong>resti·</strong></span> 
     </span>
     <span class='ocr_line' id='line_1_24' title="bbox 511 2982 2530 3072; baseline 0 -20"><span class='ocrx_word' id='word_1_336' title='bbox 511 2989 590 3066; x_wconf 82' lang='lat' dir='ltr'><strong>niel,</strong></span> <span class='ocrx_word' id='word_1_337' title='bbox 624 2989 679 3072; x_wconf 89' lang='lat' dir='ltr'><strong>qni</strong></span> <span class='ocrx_word' id='word_1_338' title='bbox 711 2987 746 3050; x_wconf 91' lang='lat' dir='ltr'><strong>in</strong></span> <span class='ocrx_word' id='word_1_339' title='bbox 769 2985 907 3072; x_wconf 86' lang='lat' dir='ltr'><strong>Alcaira</strong></span> <span class='ocrx_word' id='word_1_340' title='bbox 927 2982 1000 3063; x_wconf 88' lang='lat' dir='ltr'><strong>fuit,</strong></span> <span class='ocrx_word' id='word_1_341' title='bbox 1022 2982 1159 3071; x_wconf 91' lang='lat' dir='ltr'><strong>legitur,</strong></span> <span class='ocrx_word' id='word_1_342' title='bbox 1188 2986 1338 3070; x_wconf 90' lang='lat' dir='ltr'><strong>quodibi</strong></span> <span class='ocrx_word' id='word_1_343' title='bbox 1361 2986 1495 3071; x_wconf 87' lang='lat' dir='ltr'><strong>quibus·</strong></span> <span class='ocrx_word' id='word_1_344' title='bbox 1546 2986 1603 3048; x_wconf 85' lang='lat' dir='ltr'><strong>tui.</strong></span> <span class='ocrx_word' id='word_1_345' title='bbox 1649 2985 1845 3050; x_wconf 75' lang='lat' dir='ltr'><strong>Nominatus·</strong></span> <span class='ocrx_word' id='word_1_346' title='bbox 1867 2986 1975 3050; x_wconf 83' lang='lat' dir='ltr'><strong>Adam</strong></span> <span class='ocrx_word' id='word_1_347' title='bbox 1998 2988 2244 3065; x_wconf 74' lang='lat' dir='ltr'><strong>semimortuae,</strong></span> <span class='ocrx_word' id='word_1_348' title='bbox 2272 2990 2350 3072; x_wconf 84' lang='lat' dir='ltr'><strong>qaia</strong></span> <span class='ocrx_word' id='word_1_349' title='bbox 2371 3008 2462 3053; x_wconf 89' lang='lat' dir='ltr'><strong>unus</strong></span> <span class='ocrx_word' id='word_1_350' title='bbox 2486 3008 2530 3052; x_wconf 82' lang='lat' dir='ltr'><strong>ex</strong></span> 
     </span>
     <span class='ocr_line' id='line_1_25' title="bbox 513 3068 2529 3159; baseline 0.001 -21"><span class='ocrx_word' id='word_1_351' title='bbox 513 3075 589 3138; x_wconf 89' lang='lat' dir='ltr'><strong>dam</strong></span> <span class='ocrx_word' id='word_1_352' title='bbox 617 3071 763 3139; x_wconf 87' lang='lat' dir='ltr'><strong>adfuerit</strong></span> <span class='ocrx_word' id='word_1_353' title='bbox 788 3073 822 3137; x_wconf 90' lang='lat' dir='ltr'><strong>ln</strong></span> <span class='ocrx_word' id='word_1_354' title='bbox 850 3070 1011 3155; x_wconf 90' lang='lat' dir='ltr'><strong>hospitio,</strong></span> <span class='ocrx_word' id='word_1_355' title='bbox 1044 3072 1102 3135; x_wconf 91' lang='lat' dir='ltr'><strong>ubi</strong></span> <span class='ocrx_word' id='word_1_356' title='bbox 1128 3091 1234 3156; x_wconf 90' lang='lat' dir='ltr'><strong>prope</strong></span> <span class='ocrx_word' id='word_1_357' title='bbox 1263 3068 1385 3135; x_wconf 78' lang='lat' dir='ltr'><strong>fuerint</strong></span> <span class='ocrx_word' id='word_1_358' title='bbox 1406 3069 1495 3136; x_wconf 90' lang='lat' dir='ltr'><strong>horti</strong></span> <span class='ocrx_word' id='word_1_359' title='bbox 1545 3068 1624 3135; x_wconf 89' lang='lat' dir='ltr'><strong>filiis</strong></span> <span class='ocrx_word' id='word_1_360' title='bbox 1637 3070 1756 3135; x_wconf 84' lang='lat' dir='ltr'><strong>Adami</strong></span> <span class='ocrx_word' id='word_1_361' title='bbox 1772 3070 1938 3150; x_wconf 88' lang='lat' dir='ltr'><strong>Christus,</strong></span> <span class='ocrx_word' id='word_1_362' title='bbox 1962 3094 2029 3137; x_wconf 91' lang='lat' dir='ltr'><strong>non</strong></span> <span class='ocrx_word' id='word_1_363' title='bbox 2052 3084 2123 3137; x_wconf 89' lang='lat' dir='ltr'><strong>erat</strong></span> <span class='ocrx_word' id='word_1_364' title='bbox 2145 3086 2302 3137; x_wconf 88' lang='lat' dir='ltr'><strong>mortuus.</strong></span> <span class='ocrx_word' id='word_1_365' title='bbox 2346 3071 2529 3159; x_wconf 85' lang='lat' dir='ltr'><strong>Reliquum</strong></span> 
     </span>
     <span class='ocr_line' id='line_1_26' title="bbox 512 3153 2529 3242; baseline 0 -19"><span class='ocrx_word' id='word_1_366' title='bbox 512 3156 665 3224; x_wconf 85' lang='lat' dir='ltr'><strong>balsami.</strong></span> <span class='ocrx_word' id='word_1_367' title='bbox 710 3158 767 3223; x_wconf 81' lang='lat' dir='ltr'><strong>Ait</strong></span> <span class='ocrx_word' id='word_1_368' title='bbox 795 3158 839 3222; x_wconf 89' lang='lat' dir='ltr'><strong>ibi</strong></span> <span class='ocrx_word' id='word_1_369' title='bbox 868 3156 975 3222; x_wconf 87' lang='lat' dir='ltr'><strong>fnisse</strong></span> <span class='ocrx_word' id='word_1_370' title='bbox 996 3156 1173 3221; x_wconf 88' lang='lat' dir='ltr'><strong>admodum</strong></span> <span class='ocrx_word' id='word_1_371' title='bbox 1203 3153 1334 3222; x_wconf 90' lang='lat' dir='ltr'><strong>dulcem</strong></span> <span class='ocrx_word' id='word_1_372' title='bbox 1356 3158 1495 3223; x_wconf 87' lang='lat' dir='ltr'><strong>odorem</strong></span> <span class='ocrx_word' id='word_1_373' title='bbox 1546 3166 1649 3222; x_wconf 91' lang='lat' dir='ltr'><strong>totum</strong></span> <span class='ocrx_word' id='word_1_374' title='bbox 1674 3167 1780 3242; x_wconf 86' lang='lat' dir='ltr'><strong>genus</strong></span> <span class='ocrx_word' id='word_1_375' title='bbox 1801 3156 1978 3223; x_wconf 91' lang='lat' dir='ltr'><strong>humanum</strong></span> <span class='ocrx_word' id='word_1_376' title='bbox 2007 3160 2041 3222; x_wconf 92' lang='lat' dir='ltr'><strong>in</strong></span> <span class='ocrx_word' id='word_1_377' title='bbox 2071 3157 2129 3223; x_wconf 91' lang='lat' dir='ltr'><strong>illo</strong></span> <span class='ocrx_word' id='word_1_378' title='bbox 2153 3171 2223 3224; x_wconf 91' lang='lat' dir='ltr'><strong>erat</strong></span> <span class='ocrx_word' id='word_1_379' title='bbox 2242 3168 2417 3225; x_wconf 89' lang='lat' dir='ltr'><strong>mortuum.</strong></span> <span class='ocrx_word' id='word_1_380' title='bbox 2464 3159 2529 3224; x_wconf 86' lang='lat' dir='ltr'><strong>So·</strong></span> 
     </span>
     <span class='ocr_line' id='line_1_27' title="bbox 511 3241 2325 3330; baseline -0.002 -20"><span class='ocrx_word' id='word_1_381' title='bbox 511 3258 545 3310; x_wconf 93' lang='lat' dir='ltr'><strong>et</strong></span> <span class='ocrx_word' id='word_1_382' title='bbox 565 3255 691 3311; x_wconf 88' lang='lat' dir='ltr'><strong>tantam</strong></span> <span class='ocrx_word' id='word_1_383' title='bbox 713 3241 948 3330; x_wconf 80' lang='lat' dir='ltr'><strong>fragrantiam,</strong></span> <span class='ocrx_word' id='word_1_384' title='bbox 970 3255 1007 3307; x_wconf 92' lang='lat' dir='ltr'><strong>ut</strong></span> <span class='ocrx_word' id='word_1_385' title='bbox 1029 3245 1102 3328; x_wconf 89' lang='lat' dir='ltr'><strong>ipse</strong></span> <span class='ocrx_word' id='word_1_386' title='bbox 1124 3244 1170 3307; x_wconf 86' lang='lat' dir='ltr'><strong>sit</strong></span> <span class='ocrx_word' id='word_1_387' title='bbox 1189 3243 1383 3309; x_wconf 88' lang='lat' dir='ltr'><strong>mirabiliter</strong></span> <span class='ocrx_word' id='word_1_388' title='bbox 1406 3242 1494 3323; x_wconf 88' lang='lat' dir='ltr'><strong>dele·</strong></span> <span class='ocrx_word' id='word_1_389' title='bbox 1547 3242 1601 3308; x_wconf 89' lang='lat' dir='ltr'><strong>lus</strong></span> <span class='ocrx_word' id='word_1_390' title='bbox 1624 3241 1779 3309; x_wconf 81' lang='lat' dir='ltr'><strong>Cbristus</strong></span> <span class='ocrx_word' id='word_1_391' title='bbox 1801 3245 1834 3308; x_wconf 92' lang='lat' dir='ltr'><strong>in</strong></span> <span class='ocrx_word' id='word_1_392' title='bbox 1857 3245 1964 3309; x_wconf 85' lang='lat' dir='ltr'><strong>Adam</strong></span> <span class='ocrx_word' id='word_1_393' title='bbox 1988 3258 2146 3311; x_wconf 89' lang='lat' dir='ltr'><strong>nouerat</strong></span> <span class='ocrx_word' id='word_1_394' title='bbox 2168 3256 2325 3311; x_wconf 88' lang='lat' dir='ltr'><strong>mortuus.</strong></span> 
     </span>
     <span class='ocr_line' id='line_1_28' title="bbox 511 3327 2529 3419; baseline -0 -23"><span class='ocrx_word' id='word_1_395' title='bbox 511 3343 630 3397; x_wconf 84' lang='lat' dir='ltr'><strong>ctatns.</strong></span> <span class='ocrx_word' id='word_1_396' title='bbox 676 3329 787 3396; x_wconf 87' lang='lat' dir='ltr'><strong>Credo</strong></span> <span class='ocrx_word' id='word_1_397' title='bbox 811 3349 888 3394; x_wconf 88' lang='lat' dir='ltr'><strong>esse</strong></span> <span class='ocrx_word' id='word_1_398' title='bbox 910 3349 1032 3394; x_wconf 89' lang='lat' dir='ltr'><strong>verum.</strong></span> <span class='ocrx_word' id='word_1_399' title='bbox 1076 3327 1138 3394; x_wconf 86' lang='lat' dir='ltr'><strong>Est</strong></span> <span class='ocrx_word' id='word_1_400' title='bbox 1160 3343 1259 3395; x_wconf 91' lang='lat' dir='ltr'><strong>natus</strong></span> <span class='ocrx_word' id='word_1_401' title='bbox 1284 3348 1326 3394; x_wconf 88' lang='lat' dir='ltr'><strong>ex</strong></span> <span class='ocrx_word' id='word_1_402' title='bbox 1349 3329 1495 3396; x_wconf 87' lang='lat' dir='ltr'><strong>honesta</strong></span> <span class='ocrx_word' id='word_1_403' title='bbox 1632 3331 1802 3396; x_wconf 85' lang='lat' dir='ltr'><strong>Sacerdos</strong></span> <span class='ocrx_word' id='word_1_404' title='bbox 1825 3332 1986 3396; x_wconf 85' lang='lat' dir='ltr'><strong>dicituro</strong></span> <span class='ocrx_word' id='word_1_405' title='bbox 2009 3353 2107 3392; x_wconf 78' lang='lat' dir='ltr'><strong>sacer.</strong></span> <span class='ocrx_word' id='word_1_406' title='bbox 2154 3330 2260 3397; x_wconf 91' lang='lat' dir='ltr'><strong>Sacer</strong></span> <span class='ocrx_word' id='word_1_407' title='bbox 2281 3332 2323 3395; x_wconf 92' lang='lat' dir='ltr'><strong>ab</strong></span> <span class='ocrx_word' id='word_1_408' title='bbox 2346 3330 2428 3415; x_wconf 74' lang='grc' dir='ltr'><strong><em>ἱερόν</em></strong></span> <span class='ocrx_word' id='word_1_409' title='bbox 2450 3333 2529 3419; x_wconf 82' lang='lat' dir='ltr'><strong>qais</strong></span> 
     </span>
     <span class='ocr_line' id='line_1_29' title="bbox 509 3414 2526 3555; baseline 0 -72"><span class='ocrx_word' id='word_1_410' title='bbox 509 3415 645 3483; x_wconf 85' lang='lat' dir='ltr'><strong>familia.</strong></span> <span class='ocrx_word' id='word_1_411' title='bbox 698 3414 813 3482; x_wconf 77' lang='lat' dir='ltr'><strong>Alcair</strong></span> <span class='ocrx_word' id='word_1_412' title='bbox 840 3426 893 3479; x_wconf 86' lang='lat' dir='ltr'><strong>est</strong></span> <span class='ocrx_word' id='word_1_413' title='bbox 920 3433 944 3479; x_wconf 92' lang='lat' dir='ltr'><strong>a·</strong></span> <span class='ocrx_word' id='word_1_414' title='bbox 969 3416 1062 3485; x_wconf 78' lang='lat' dir='ltr'><strong>Cois,</strong></span> <span class='ocrx_word' id='word_1_415' title='bbox 1096 3416 1186 3500; x_wconf 92' lang='lat' dir='ltr'><strong>quod</strong></span> <span class='ocrx_word' id='word_1_416' title='bbox 1215 3416 1336 3481; x_wconf 82' lang='lat' dir='ltr'><strong>civitas</strong></span> <span class='ocrx_word' id='word_1_417' title='bbox 1362 3417 1493 3482; x_wconf 86' lang='lat' dir='ltr'><strong>dicitur.</strong></span> <span class='ocrx_word' id='word_1_418' title='bbox 1516 3416 1521 3555; x_wconf 61' lang='lat'>&#39;</span> <span class='ocrx_word' id='word_1_419' title='bbox 1546 3417 1707 3501; x_wconf 87' lang='lat' dir='ltr'><strong>aspiratio</strong></span> <span class='ocrx_word' id='word_1_420' title='bbox 1728 3427 1872 3482; x_wconf 88' lang='lat' dir='ltr'><strong>mutatur</strong></span> <span class='ocrx_word' id='word_1_421' title='bbox 1885 3417 1918 3481; x_wconf 91' lang='lat' dir='ltr'><strong>in</strong></span> <span class='ocrx_word' id='word_1_422' title='bbox 1929 3417 1965 3482; x_wconf 84' lang='lat' dir='ltr'><strong>S.</strong></span> <span class='ocrx_word' id='word_1_423' title='bbox 1977 3429 2014 3482; x_wconf 87' lang='lat' dir='ltr'><strong>nt</strong></span> <span class='ocrx_word' id='word_1_424' title='bbox 2025 3417 2111 3497; x_wconf 74' lang='grc' dir='ltr'><strong>ἕκτα,</strong></span> <span class='ocrx_word' id='word_1_425' title='bbox 2135 3428 2276 3502; x_wconf 87' lang='lat' dir='ltr'><strong>septem,</strong></span> <span class='ocrx_word' id='word_1_426' title='bbox 2288 3415 2388 3505; x_wconf 73' lang='grc' dir='ltr'><strong><em>ἕρπω,</em></strong></span> <span class='ocrx_word' id='word_1_427' title='bbox 2410 3436 2526 3502; x_wconf 78' lang='lat' dir='ltr'><strong>serpo:</strong></span> 
     </span>
     <span class='ocr_line' id='line_1_30' title="bbox 511 3500 2527 3587; baseline 0.002 -21"><span class='ocrx_word' id='word_1_428' title='bbox 511 3502 591 3566; x_wconf 89' lang='lat' dir='ltr'><strong>ldeo</strong></span> <span class='ocrx_word' id='word_1_429' title='bbox 613 3515 722 3568; x_wconf 88' lang='lat' dir='ltr'><strong>antem</strong></span> <span class='ocrx_word' id='word_1_430' title='bbox 735 3500 905 3566; x_wconf 83' lang='lat' dir='ltr'><strong>Alcairum</strong></span> <span class='ocrx_word' id='word_1_431' title='bbox 923 3501 1053 3578; x_wconf 87' lang='lat' dir='ltr'><strong>dicitur,</strong></span> <span class='ocrx_word' id='word_1_432' title='bbox 1076 3501 1154 3587; x_wconf 89' lang='lat' dir='ltr'><strong>quia</strong></span> <span class='ocrx_word' id='word_1_433' title='bbox 1175 3512 1229 3563; x_wconf 88' lang='lat' dir='ltr'><strong>est</strong></span> <span class='ocrx_word' id='word_1_434' title='bbox 1245 3502 1386 3566; x_wconf 82' lang='lat' dir='ltr'><strong>maxima</strong></span> <span class='ocrx_word' id='word_1_435' title='bbox 1398 3504 1492 3568; x_wconf 79' lang='lat' dir='ltr'><strong>urbs,</strong></span> <span class='ocrx_word' id='word_1_436' title='bbox 1546 3501 1625 3587; x_wconf 77' lang='grc' dir='ltr'><em>ἱερὸν</em></span> <span class='ocrx_word' id='word_1_437' title='bbox 1655 3516 1705 3568; x_wconf 90' lang='lat' dir='ltr'><strong>est</strong></span> <span class='ocrx_word' id='word_1_438' title='bbox 1735 3505 1779 3567; x_wconf 88' lang='lat' dir='ltr'><strong>ab</strong></span> <span class='ocrx_word' id='word_1_439' title='bbox 1806 3502 1962 3568; x_wconf 90' lang='lat' dir='ltr'><strong>Hebraeo</strong></span> <span class='ocrx_word' id='word_1_440' title='bbox 1984 3504 2061 3565; x_wconf 87' lang='lat' dir='ltr'><strong>Her.</strong></span> <span class='ocrx_word' id='word_1_441' title='bbox 2118 3503 2214 3569; x_wconf 91' lang='lat' dir='ltr'><strong>Unde</strong></span> <span class='ocrx_word' id='word_1_442' title='bbox 2248 3515 2300 3568; x_wconf 89' lang='lat' dir='ltr'><strong>est</strong></span> <span class='ocrx_word' id='word_1_443' title='bbox 2333 3503 2463 3583; x_wconf 87' lang='lat' dir='ltr'><strong>Herus,</strong></span> <span class='ocrx_word' id='word_1_444' title='bbox 2495 3514 2527 3569; x_wconf 83' lang='lat' dir='ltr'><strong>et</strong></span> 
     </span>
     <span class='ocr_line' id='line_1_31' title="bbox 511 3560 2527 3687; baseline 0.002 -35"><span class='ocrx_word' id='word_1_445' title='bbox 511 3587 660 3654; x_wconf 88' lang='lat' dir='ltr'><strong>Fuerunt</strong></span> <span class='ocrx_word' id='word_1_446' title='bbox 677 3585 755 3652; x_wconf 91' lang='lat' dir='ltr'><strong>olim</strong></span> <span class='ocrx_word' id='word_1_447' title='bbox 778 3590 864 3653; x_wconf 88' lang='lat' dir='ltr'><strong>duae</strong></span> <span class='ocrx_word' id='word_1_448' title='bbox 884 3587 997 3663; x_wconf 88' lang='lat' dir='ltr'><strong>urbes,</strong></span> <span class='ocrx_word' id='word_1_449' title='bbox 1020 3584 1127 3650; x_wconf 89' lang='lat' dir='ltr'><strong>altera</strong></span> <span class='ocrx_word' id='word_1_450' title='bbox 1149 3587 1238 3652; x_wconf 90' lang='lat' dir='ltr'><strong>dicta</strong></span> <span class='ocrx_word' id='word_1_451' title='bbox 1259 3586 1422 3669; x_wconf 78' lang='lat' dir='ltr'><strong>Memphis,</strong></span> <span class='ocrx_word' id='word_1_452' title='bbox 1445 3584 1494 3652; x_wconf 87' lang='lat' dir='ltr'><strong>al·</strong></span> <span class='ocrx_word' id='word_1_453' title='bbox 1515 3560 1521 3687; x_wconf 73' lang='grc' dir='ltr'>Ι</span> <span class='ocrx_word' id='word_1_454' title='bbox 1544 3588 1630 3650; x_wconf 78' lang='lat' dir='ltr'><strong>Hsrr</strong></span> <span class='ocrx_word' id='word_1_455' title='bbox 1658 3589 1904 3668; x_wconf 84' lang='lat' dir='ltr'><strong>Germanicum,</strong></span> <span class='ocrx_word' id='word_1_456' title='bbox 1939 3590 1971 3653; x_wconf 94' lang='lat' dir='ltr'><strong>id</strong></span> <span class='ocrx_word' id='word_1_457' title='bbox 2000 3601 2063 3667; x_wconf 90' lang='lat' dir='ltr'><strong>est,</strong></span> <span class='ocrx_word' id='word_1_458' title='bbox 2096 3591 2276 3676; x_wconf 88' lang='lat' dir='ltr'><strong>magister,</strong></span> <span class='ocrx_word' id='word_1_459' title='bbox 2310 3592 2527 3675; x_wconf 86' lang='lat' dir='ltr'><strong>gubernator,</strong></span> 
     </span>
     <span class='ocr_line' id='line_1_32' title="bbox 510 3670 2526 3763; baseline 0.001 -23"><span class='ocrx_word' id='word_1_460' title='bbox 510 3685 584 3740; x_wconf 87' lang='lat' dir='ltr'><strong>tera</strong></span> <span class='ocrx_word' id='word_1_461' title='bbox 605 3672 764 3756; x_wconf 74' lang='lat' dir='ltr'><strong>Babylon.</strong></span> <span class='ocrx_word' id='word_1_462' title='bbox 814 3670 909 3737; x_wconf 83' lang='lat' dir='ltr'><strong>Nilus</strong></span> <span class='ocrx_word' id='word_1_463' title='bbox 938 3671 1071 3758; x_wconf 88' lang='lat' dir='ltr'><strong>perlinit</strong></span> <span class='ocrx_word' id='word_1_464' title='bbox 1122 3691 1160 3737; x_wconf 88' lang='lat' dir='ltr'><strong>er</strong></span> <span class='ocrx_word' id='word_1_465' title='bbox 1186 3671 1312 3739; x_wconf 79' lang='lat' dir='ltr'><strong>Alcair.</strong></span> <span class='ocrx_word' id='word_1_466' title='bbox 1361 3672 1397 3738; x_wconf 93' lang='lat' dir='ltr'><strong>ln</strong></span> <span class='ocrx_word' id='word_1_467' title='bbox 1425 3693 1492 3739; x_wconf 92' lang='lat' dir='ltr'><strong>uno</strong></span> <span class='ocrx_word' id='word_1_468' title='bbox 1545 3670 1600 3738; x_wconf 93' lang='lat' dir='ltr'><strong>vel</strong></span> <span class='ocrx_word' id='word_1_469' title='bbox 1621 3672 1689 3739; x_wconf 89' lang='lat' dir='ltr'><strong>tale</strong></span> <span class='ocrx_word' id='word_1_470' title='bbox 1712 3674 1801 3761; x_wconf 88' lang='lat' dir='ltr'><strong>quid.</strong></span> <span class='ocrx_word' id='word_1_471' title='bbox 1856 3673 1923 3759; x_wconf 88' lang='lat' dir='ltr'><strong>ipsi</strong></span> <span class='ocrx_word' id='word_1_472' title='bbox 1947 3674 2071 3740; x_wconf 88' lang='lat' dir='ltr'><strong>Graeci</strong></span> <span class='ocrx_word' id='word_1_473' title='bbox 2101 3676 2214 3742; x_wconf 92' lang='lat' dir='ltr'><strong>dicunt</strong></span> <span class='ocrx_word' id='word_1_474' title='bbox 2236 3674 2318 3763; x_wconf 74' lang='lat' dir='ltr'><strong>isphr</strong></span> <span class='ocrx_word' id='word_1_475' title='bbox 2340 3678 2462 3744; x_wconf 85' lang='lat' dir='ltr'><strong>dictum</strong></span> <span class='ocrx_word' id='word_1_476' title='bbox 2483 3678 2526 3741; x_wconf 84' lang='lat' dir='ltr'><strong>ab</strong></span> 
     </span>
     <span class='ocr_line' id='line_1_33' title="bbox 511 3756 2113 3846; baseline 0.001 -23"><span class='ocrx_word' id='word_1_477' title='bbox 511 3757 617 3825; x_wconf 87' lang='lat' dir='ltr'><strong>latere</strong></span> <span class='ocrx_word' id='word_1_478' title='bbox 639 3771 692 3825; x_wconf 87' lang='lat' dir='ltr'><strong>est</strong></span> <span class='ocrx_word' id='word_1_479' title='bbox 712 3758 891 3841; x_wconf 85' lang='lat' dir='ltr'><strong>ltlemphis,</strong></span> <span class='ocrx_word' id='word_1_480' title='bbox 912 3760 946 3823; x_wconf 92' lang='lat' dir='ltr'><strong>in</strong></span> <span class='ocrx_word' id='word_1_481' title='bbox 968 3756 1075 3823; x_wconf 89' lang='lat' dir='ltr'><strong>altero</strong></span> <span class='ocrx_word' id='word_1_482' title='bbox 1118 3757 1254 3845; x_wconf 87' lang='lat' dir='ltr'><strong>abylon.</strong></span> <span class='ocrx_word' id='word_1_483' title='bbox 1293 3759 1493 3828; x_wconf 81' lang='lat' dir='ltr'><strong>Breteahaeh</strong></span> <span class='ocrx_word' id='word_1_484' title='bbox 1543 3760 1621 3842; x_wconf 63' lang='lat' dir='ltr'><strong>irps,</strong></span> <span class='ocrx_word' id='word_1_485' title='bbox 1644 3762 1721 3846; x_wconf 89' lang='lat' dir='ltr'><strong>quia</strong></span> <span class='ocrx_word' id='word_1_486' title='bbox 1743 3762 1852 3826; x_wconf 84' lang='lat' dir='ltr'><strong>hostia</strong></span> <span class='ocrx_word' id='word_1_487' title='bbox 1874 3762 2012 3828; x_wconf 89' lang='lat' dir='ltr'><strong>mittitur</strong></span> <span class='ocrx_word' id='word_1_488' title='bbox 2029 3760 2113 3827; x_wconf 87' lang='lat' dir='ltr'><strong>Deo.</strong></span> 
     </span>
     <span class='ocr_line' id='line_1_34' title="bbox 511 3841 1492 3931; baseline -0.001 -20"><span class='ocrx_word' id='word_1_489' title='bbox 511 3845 607 3923; x_wconf 90' lang='lat' dir='ltr'><strong>dicit,</strong></span> <span class='ocrx_word' id='word_1_490' title='bbox 641 3846 731 3931; x_wconf 89' lang='lat' dir='ltr'><strong>quod</strong></span> <span class='ocrx_word' id='word_1_491' title='bbox 761 3845 923 3911; x_wconf 78' lang='lat' dir='ltr'><strong>existimet</strong></span> <span class='ocrx_word' id='word_1_492' title='bbox 950 3846 984 3909; x_wconf 93' lang='lat' dir='ltr'><strong>in</strong></span> <span class='ocrx_word' id='word_1_493' title='bbox 1011 3841 1069 3908; x_wconf 90' lang='lat' dir='ltr'><strong>illa</strong></span> <span class='ocrx_word' id='word_1_494' title='bbox 1091 3847 1174 3909; x_wconf 90' lang='lat' dir='ltr'><strong>urbe</strong></span> <span class='ocrx_word' id='word_1_495' title='bbox 1202 3843 1317 3930; x_wconf 87' lang='lat' dir='ltr'><strong>plures</strong></span> <span class='ocrx_word' id='word_1_496' title='bbox 1339 3844 1492 3911; x_wconf 88' lang='lat' dir='ltr'><strong>homines</strong></span> 
     </span>
     <span class='ocr_line' id='line_1_35' title="bbox 512 3929 2099 4018; baseline 0.001 -24"><span class='ocrx_word' id='word_1_497' title='bbox 512 3950 608 4009; x_wconf 89' lang='lat' dir='ltr'><strong>esse,</strong></span> <span class='ocrx_word' id='word_1_498' title='bbox 642 3953 741 4017; x_wconf 88' lang='lat' dir='ltr'><strong>quam</strong></span> <span class='ocrx_word' id='word_1_499' title='bbox 764 3932 796 3995; x_wconf 92' lang='lat' dir='ltr'><strong>in</strong></span> <span class='ocrx_word' id='word_1_500' title='bbox 820 3943 890 3996; x_wconf 92' lang='lat' dir='ltr'><strong>tota</strong></span> <span class='ocrx_word' id='word_1_501' title='bbox 911 3929 1015 3994; x_wconf 87' lang='lat' dir='ltr'><strong>ltalia.</strong></span> <span class='ocrx_word' id='word_1_502' title='bbox 1067 3931 1135 3995; x_wconf 88' lang='lat' dir='ltr'><strong>Sed</strong></span> <span class='ocrx_word' id='word_1_503' title='bbox 1164 3943 1246 4016; x_wconf 91' lang='lat' dir='ltr'><strong>puto</strong></span> <span class='ocrx_word' id='word_1_504' title='bbox 1275 3930 1491 4018; x_wconf 83' lang='lat' dir='ltr'><strong>hyperbolice</strong></span> <span class='ocrx_word' id='word_1_505' title='bbox 2056 3968 2099 3985; x_wconf 60' lang='grc' dir='ltr'><strong>-υ</strong></span> 
     </span>
     <span class='ocr_line' id='line_1_36' title="bbox 511 4013 2083 4104; baseline -0.003 -20"><span class='ocrx_word' id='word_1_506' title='bbox 511 4017 580 4084; x_wconf 89' lang='lat' dir='ltr'><strong>hoo</strong></span> <span class='ocrx_word' id='word_1_507' title='bbox 601 4017 677 4083; x_wconf 91' lang='lat' dir='ltr'><strong>dici.</strong></span> <span class='ocrx_word' id='word_1_508' title='bbox 723 4016 846 4082; x_wconf 89' lang='lat' dir='ltr'><strong>Strabo</strong></span> <span class='ocrx_word' id='word_1_509' title='bbox 869 4017 948 4081; x_wconf 92' lang='lat' dir='ltr'><strong>dicit</strong></span> <span class='ocrx_word' id='word_1_510' title='bbox 968 4013 1177 4104; x_wconf 88' lang='lat' dir='ltr'><strong>Babylonem</strong></span> <span class='ocrx_word' id='word_1_511' title='bbox 1203 4018 1324 4081; x_wconf 79' lang='lat' dir='ltr'><strong>dietam</strong></span> <span class='ocrx_word' id='word_1_512' title='bbox 1346 4038 1425 4083; x_wconf 83' lang='lat' dir='ltr'><strong>esse</strong></span> <span class='ocrx_word' id='word_1_513' title='bbox 1444 4014 1492 4082; x_wconf 90' lang='lat' dir='ltr'><strong>al·</strong></span> <span class='ocrx_word' id='word_1_514' title='bbox 2074 4024 2083 4037; x_wconf 90' lang='lat'><strong><em>‘</em></strong></span> 
     </span>
     <span class='ocr_line' id='line_1_37' title="bbox 511 4090 2525 4194; baseline -0 -25"><span class='ocrx_word' id='word_1_515' title='bbox 511 4116 616 4170; x_wconf 90' lang='lat' dir='ltr'><strong>teram</strong></span> <span class='ocrx_word' id='word_1_516' title='bbox 637 4114 767 4189; x_wconf 87' lang='lat' dir='ltr'><strong>partem</strong></span> <span class='ocrx_word' id='word_1_517' title='bbox 789 4105 885 4168; x_wconf 90' lang='lat' dir='ltr'><strong>istius</strong></span> <span class='ocrx_word' id='word_1_518' title='bbox 907 4103 1018 4180; x_wconf 89' lang='lat' dir='ltr'><strong>urbis;</strong></span> <span class='ocrx_word' id='word_1_519' title='bbox 1039 4104 1117 4188; x_wconf 86' lang='lat' dir='ltr'><strong>qnia</strong></span> <span class='ocrx_word' id='word_1_520' title='bbox 1135 4101 1267 4168; x_wconf 89' lang='lat' dir='ltr'><strong>colonia</strong></span> <span class='ocrx_word' id='word_1_521' title='bbox 1281 4114 1335 4168; x_wconf 87' lang='lat' dir='ltr'><strong>est</strong></span> <span class='ocrx_word' id='word_1_522' title='bbox 1348 4103 1492 4170; x_wconf 84' lang='lat' dir='ltr'><strong>deducta</strong></span> <span class='ocrx_word' id='word_1_523' title='bbox 1546 4090 1663 4194; x_wconf 84' lang='lat' dir='ltr'><strong>Quae</strong></span> <span class='ocrx_word' id='word_1_524' title='bbox 1713 4104 1801 4176; x_wconf 84' lang='lat' dir='ltr'><strong>erat</strong></span> <span class='ocrx_word' id='word_1_525' title='bbox 1846 4092 2072 4177; x_wconf 84' lang='lat' dir='ltr'><strong>differentia</strong></span> <span class='ocrx_word' id='word_1_526' title='bbox 2117 4094 2223 4178; x_wconf 80' lang='lat' dir='ltr'><strong>inter</strong></span> <span class='ocrx_word' id='word_1_527' title='bbox 2260 4092 2525 4181; x_wconf 55' lang='lat' dir='ltr'><strong>Sacerdote&amp;</strong></span> 
     </span>
     <span class='ocr_line' id='line_1_38' title="bbox 512 4186 2061 4277; baseline -0.001 -21"><span class='ocrx_word' id='word_1_528' title='bbox 512 4203 662 4274; x_wconf 89' lang='lat' dir='ltr'><strong>ternpore</strong></span> <span class='ocrx_word' id='word_1_529' title='bbox 685 4188 875 4277; x_wconf 87' lang='lat' dir='ltr'><strong>Cambysis,</strong></span> <span class='ocrx_word' id='word_1_530' title='bbox 904 4199 937 4255; x_wconf 88' lang='lat' dir='ltr'><strong>et</strong></span> <span class='ocrx_word' id='word_1_531' title='bbox 959 4187 1099 4255; x_wconf 81' lang='lat' dir='ltr'><strong>Romani</strong></span> <span class='ocrx_word' id='word_1_532' title='bbox 1121 4200 1242 4275; x_wconf 87' lang='lat' dir='ltr'><strong>postea</strong></span> <span class='ocrx_word' id='word_1_533' title='bbox 1263 4191 1297 4254; x_wconf 95' lang='lat' dir='ltr'><strong>in</strong></span> <span class='ocrx_word' id='word_1_534' title='bbox 1318 4187 1383 4254; x_wconf 91' lang='lat' dir='ltr'><strong>illis</strong></span> <span class='ocrx_word' id='word_1_535' title='bbox 1405 4186 1491 4255; x_wconf 88' lang='lat' dir='ltr'><strong>locis</strong></span> <span class='ocrx_word' id='word_1_536' title='bbox 2052 4248 2061 4266; x_wconf 81' lang='grc'>,</span> 
     </span>
     <span class='ocr_line' id='line_1_39' title="bbox 511 4248 2202 4369; baseline 0.001 -29"><span class='ocrx_word' id='word_1_537' title='bbox 511 4278 679 4364; x_wconf 89' lang='lat' dir='ltr'><strong>praesidia</strong></span> <span class='ocrx_word' id='word_1_538' title='bbox 716 4277 922 4354; x_wconf 88' lang='lat' dir='ltr'><strong>babuerunt,</strong></span> <span class='ocrx_word' id='word_1_539' title='bbox 966 4287 1004 4342; x_wconf 92' lang='lat' dir='ltr'><strong>ut</strong></span> <span class='ocrx_word' id='word_1_540' title='bbox 1037 4287 1134 4369; x_wconf 80' lang='lat' dir='ltr'><strong>¹esset</strong></span> <span class='ocrx_word' id='word_1_541' title='bbox 1170 4276 1306 4342; x_wconf 84' lang='lat' dir='ltr'><strong>munitio</strong></span> <span class='ocrx_word' id='word_1_542' title='bbox 1343 4274 1491 4362; x_wconf 85' lang='lat' dir='ltr'><strong>reliquae</strong></span> <span class='ocrx_word' id='word_1_543' title='bbox 1888 4260 1932 4330; x_wconf 82' lang='lat' dir='ltr'><strong>et</strong></span> <span class='ocrx_word' id='word_1_544' title='bbox 1961 4248 2202 4336; x_wconf 80' lang='lat' dir='ltr'><strong>Lentamt·</strong></span> 
     </span>
     <span class='ocr_line' id='line_1_40' title="bbox 508 4363 1038 4450; baseline 0 0"><span class='ocrx_word' id='word_1_545' title='bbox 508 4363 622 4450; x_wconf 60' lang='lat' dir='ltr'><strong>,aaa</strong></span> <span class='ocrx_word' id='word_1_546' title='bbox 1036 4378 1038 4385; x_wconf 92' lang='lat'>·</span> 
     </span>
    </p>

    <p class='ocr_par' dir='ltr' id='par_1_5' title="bbox 509 4443 2530 5571">
     <span class='ocr_line' id='line_1_41' title="bbox 599 4443 2530 4539; baseline 0.005 -29"><span class='ocrx_word' id='word_1_547' title='bbox 599 4445 791 4514; x_wconf 74' lang='lat' dir='ltr'><strong>balsamum</strong></span> <span class='ocrx_word' id='word_1_548' title='bbox 830 4469 896 4514; x_wconf 94' lang='lat' dir='ltr'><strong>non</strong></span> <span class='ocrx_word' id='word_1_549' title='bbox 929 4447 1100 4535; x_wconf 85' lang='lat' dir='ltr'><strong>attingitur</strong></span> <span class='ocrx_word' id='word_1_550' title='bbox 1136 4443 1227 4514; x_wconf 90' lang='lat' dir='ltr'><strong>ferro</strong></span> <span class='ocrx_word' id='word_1_551' title='bbox 1266 4449 1301 4513; x_wconf 94' lang='lat' dir='ltr'><strong>in</strong></span> <span class='ocrx_word' id='word_1_552' title='bbox 1332 4447 1493 4533; x_wconf 91' lang='lat' dir='ltr'><strong>putando,</strong></span> <span class='ocrx_word' id='word_1_553' title='bbox 1631 4447 1835 4513; x_wconf 84' lang='lat' dir='ltr'><strong>Sacerdotes</strong></span> <span class='ocrx_word' id='word_1_554' title='bbox 1857 4445 2105 4521; x_wconf 80' lang='lat' dir='ltr'><strong>sacrificabant3</strong></span> <span class='ocrx_word' id='word_1_555' title='bbox 2127 4447 2267 4515; x_wconf 85' lang='lat' dir='ltr'><strong>Levitae</strong></span> <span class='ocrx_word' id='word_1_556' title='bbox 2281 4452 2530 4539; x_wconf 74' lang='lat' dir='ltr'><strong>praeparabant</strong></span> 
     </span>
     <span class='ocr_line' id='line_1_42' title="bbox 512 4532 2528 4643; baseline 0.003 -43"><span class='ocrx_word' id='word_1_557' title='bbox 512 4535 645 4623; x_wconf 82' lang='lat' dir='ltr'><strong>quando</strong></span> <span class='ocrx_word' id='word_1_558' title='bbox 667 4535 700 4598; x_wconf 93' lang='lat' dir='ltr'><strong>in</strong></span> <span class='ocrx_word' id='word_1_559' title='bbox 723 4555 804 4600; x_wconf 88' lang='lat' dir='ltr'><strong>vere</strong></span> <span class='ocrx_word' id='word_1_560' title='bbox 825 4545 979 4618; x_wconf 89' lang='lat' dir='ltr'><strong>putatur,</strong></span> <span class='ocrx_word' id='word_1_561' title='bbox 1008 4546 1043 4598; x_wconf 92' lang='lat' dir='ltr'><strong>nt</strong></span> <span class='ocrx_word' id='word_1_562' title='bbox 1071 4536 1156 4599; x_wconf 91' lang='lat' dir='ltr'><strong>vites</strong></span> <span class='ocrx_word' id='word_1_563' title='bbox 1179 4547 1212 4600; x_wconf 90' lang='lat' dir='ltr'><strong>et</strong></span> <span class='ocrx_word' id='word_1_564' title='bbox 1234 4536 1374 4600; x_wconf 88' lang='lat' dir='ltr'><strong>arbores</strong></span> <span class='ocrx_word' id='word_1_565' title='bbox 1396 4554 1491 4600; x_wconf 88' lang='lat' dir='ltr'><strong>snam</strong></span> <span class='ocrx_word' id='word_1_566' title='bbox 1544 4533 1720 4609; x_wconf 86' lang='lat' dir='ltr'><strong>sacrificia,</strong></span> <span class='ocrx_word' id='word_1_567' title='bbox 1744 4544 1778 4598; x_wconf 90' lang='lat' dir='ltr'><strong>et</strong></span> <span class='ocrx_word' id='word_1_568' title='bbox 1801 4535 1982 4607; x_wconf 85' lang='lat' dir='ltr'><strong>docebant,</strong></span> <span class='ocrx_word' id='word_1_569' title='bbox 2013 4547 2047 4599; x_wconf 80' lang='lat' dir='ltr'><strong>et</strong></span> <span class='ocrx_word' id='word_1_570' title='bbox 2068 4549 2163 4600; x_wconf 88' lang='lat' dir='ltr'><strong>erant</strong></span> <span class='ocrx_word' id='word_1_571' title='bbox 2185 4534 2380 4643; x_wconf 72' lang='lat' dir='ltr'><strong>plerumque</strong></span> <span class='ocrx_word' id='word_1_572' title='bbox 2403 4532 2528 4605; x_wconf 65' lang='lat' dir='ltr'><strong>doctss&#39;·</strong></span> 
     </span>
     <span class='ocr_line' id='line_1_43' title="bbox 538 4616 2530 4706; baseline 0.002 -20"><span class='ocrx_word' id='word_1_573' title='bbox 538 4621 717 4686; x_wconf 90' lang='lat' dir='ltr'><strong>utationem</strong></span> <span class='ocrx_word' id='word_1_574' title='bbox 740 4618 881 4686; x_wconf 73' lang='lat' dir='ltr'><strong>habenta</strong></span> <span class='ocrx_word' id='word_1_575' title='bbox 910 4621 977 4686; x_wconf 89' lang='lat' dir='ltr'><strong>Sed</strong></span> <span class='ocrx_word' id='word_1_576' title='bbox 1001 4617 1055 4686; x_wconf 93' lang='lat' dir='ltr'><strong>vel</strong></span> <span class='ocrx_word' id='word_1_577' title='bbox 1076 4642 1120 4687; x_wconf 94' lang='lat' dir='ltr'><strong>un</strong></span> <span class='ocrx_word' id='word_1_578' title='bbox 1170 4623 1245 4686; x_wconf 90' lang='lat' dir='ltr'><strong>ibus</strong></span> <span class='ocrx_word' id='word_1_579' title='bbox 1269 4631 1417 4706; x_wconf 87' lang='lat' dir='ltr'><strong>putatur,</strong></span> <span class='ocrx_word' id='word_1_580' title='bbox 1439 4616 1494 4685; x_wconf 94' lang='lat' dir='ltr'><strong>vel</strong></span> <span class='ocrx_word' id='word_1_581' title='bbox 1514 4646 1519 4685; x_wconf 83' lang='grc' dir='ltr'><strong>ι</strong></span> <span class='ocrx_word' id='word_1_582' title='bbox 1544 4621 1617 4686; x_wconf 93' lang='lat' dir='ltr'><strong>simi</strong></span> <span class='ocrx_word' id='word_1_583' title='bbox 1640 4618 1778 4686; x_wconf 86' lang='lat' dir='ltr'><strong>llledici:</strong></span> <span class='ocrx_word' id='word_1_584' title='bbox 1800 4620 1905 4684; x_wconf 87' lang='lat' dir='ltr'><strong>Erant</strong></span> <span class='ocrx_word' id='word_1_585' title='bbox 1926 4621 2023 4686; x_wconf 89' lang='lat' dir='ltr'><strong>etiam</strong></span> <span class='ocrx_word' id='word_1_586' title='bbox 2035 4618 2208 4706; x_wconf 86' lang='lat' dir='ltr'><strong>praeclare</strong></span> <span class='ocrx_word' id='word_1_587' title='bbox 2224 4623 2312 4688; x_wconf 89' lang='lat' dir='ltr'><strong>docti</strong></span> <span class='ocrx_word' id='word_1_588' title='bbox 2327 4645 2361 4689; x_wconf 91' lang='grc' dir='ltr'><strong>ιιι</strong></span> <span class='ocrx_word' id='word_1_589' title='bbox 2373 4625 2530 4693; x_wconf 78' lang='lat' dir='ltr'><strong>doctrln&#39;s</strong></span> 
     </span>
     <span class='ocr_line' id='line_1_44' title="bbox 510 4641 2526 4790; baseline -0.002 -16"><span class='ocrx_word' id='word_1_590' title='bbox 510 4644 739 4774; x_wconf 74' lang='lat' dir='ltr'><strong>llrstrumentis&#39;</strong></span> <span class='ocrx_word' id='word_1_591' title='bbox 762 4728 805 4773; x_wconf 90' lang='lat' dir='ltr'><strong>ex</strong></span> <span class='ocrx_word' id='word_1_592' title='bbox 826 4727 931 4772; x_wconf 90' lang='lat' dir='ltr'><strong>cornu</strong></span> <span class='ocrx_word' id='word_1_593' title='bbox 954 4704 1063 4771; x_wconf 86' lang='lat' dir='ltr'><strong>factis.</strong></span> <span class='ocrx_word' id='word_1_594' title='bbox 1108 4641 1181 4771; x_wconf 68' lang='lat' dir='ltr'><strong>ilde</strong></span> <span class='ocrx_word' id='word_1_595' title='bbox 1203 4708 1298 4772; x_wconf 90' lang='lat' dir='ltr'><strong>etiam</strong></span> <span class='ocrx_word' id='word_1_596' title='bbox 1322 4717 1374 4772; x_wconf 88' lang='lat' dir='ltr'><strong>est</strong></span> <span class='ocrx_word' id='word_1_597' title='bbox 1396 4708 1493 4772; x_wconf 88' lang='lat' dir='ltr'><strong>mira·</strong></span> <span class='ocrx_word' id='word_1_598' title='bbox 1543 4718 1688 4772; x_wconf 86' lang='lat' dir='ltr'><strong>motuum</strong></span> <span class='ocrx_word' id='word_1_599' title='bbox 1712 4703 1917 4771; x_wconf 87' lang='lat' dir='ltr'><strong>coelestium.</strong></span> <span class='ocrx_word' id='word_1_600' title='bbox 2519 4710 2526 4790; x_wconf 25' lang='grc'><strong>’-</strong></span> 
     </span>
     <span class='ocr_line' id='line_1_45' title="bbox 511 4789 2529 4887; baseline -0.001 -26"><span class='ocrx_word' id='word_1_601' title='bbox 511 4793 579 4861; x_wconf 90' lang='lat' dir='ltr'><strong>bile</strong></span> <span class='ocrx_word' id='word_1_602' title='bbox 601 4795 634 4859; x_wconf 94' lang='lat' dir='ltr'><strong>in</strong></span> <span class='ocrx_word' id='word_1_603' title='bbox 659 4793 798 4860; x_wconf 90' lang='lat' dir='ltr'><strong>balsami</strong></span> <span class='ocrx_word' id='word_1_604' title='bbox 810 4792 931 4872; x_wconf 85' lang='lat' dir='ltr'><strong>bortis,</strong></span> <span class='ocrx_word' id='word_1_605' title='bbox 954 4794 1018 4858; x_wconf 91' lang='lat' dir='ltr'><strong>sub</strong></span> <span class='ocrx_word' id='word_1_606' title='bbox 1035 4789 1229 4858; x_wconf 82' lang='lat' dir='ltr'><strong>fructicibus</strong></span> <span class='ocrx_word' id='word_1_607' title='bbox 1241 4805 1319 4857; x_wconf 88' lang='lat' dir='ltr'><strong>sunt</strong></span> <span class='ocrx_word' id='word_1_608' title='bbox 1341 4793 1491 4878; x_wconf 84' lang='lat' dir='ltr'><strong>viperae:</strong></span> <span class='ocrx_word' id='word_1_609' title='bbox 1632 4789 1730 4864; x_wconf 85' lang='lat' dir='ltr'><strong>Quod</strong></span> <span class='ocrx_word' id='word_1_610' title='bbox 1750 4794 2406 4874; x_wconf 69' lang='lat' dir='ltr'><strong>dicituriapoadsseiameatosaaciatraa,</strong></span> <span class='ocrx_word' id='word_1_611' title='bbox 2428 4796 2529 4887; x_wconf 73' lang='lat' dir='ltr'><strong>signi·</strong></span> 
     </span>
     <span class='ocr_line' id='line_1_46' title="bbox 511 4875 2276 4964; baseline 0.002 -21"><span class='ocrx_word' id='word_1_612' title='bbox 511 4880 572 4943; x_wconf 78' lang='lat' dir='ltr'><strong>das</strong></span> <span class='ocrx_word' id='word_1_613' title='bbox 592 4884 710 4964; x_wconf 65' lang='lat' dir='ltr'><strong>sistite</strong></span> <span class='ocrx_word' id='word_1_614' title='bbox 731 4882 810 4963; x_wconf 73' lang='lat' dir='ltr'><strong>diay</strong></span> <span class='ocrx_word' id='word_1_615' title='bbox 831 4879 931 4946; x_wconf 91' lang='lat' dir='ltr'><strong>alitur</strong></span> <span class='ocrx_word' id='word_1_616' title='bbox 951 4899 1056 4945; x_wconf 91' lang='lat' dir='ltr'><strong>succo</strong></span> <span class='ocrx_word' id='word_1_617' title='bbox 1079 4876 1234 4942; x_wconf 83' lang='lat' dir='ltr'><strong>balsami:</strong></span> <span class='ocrx_word' id='word_1_618' title='bbox 1264 4879 1297 4941; x_wconf 92' lang='lat' dir='ltr'><strong>id</strong></span> <span class='ocrx_word' id='word_1_619' title='bbox 1320 4889 1384 4958; x_wconf 87' lang='lat' dir='ltr'><strong>est,</strong></span> <span class='ocrx_word' id='word_1_620' title='bbox 1412 4877 1492 4944; x_wconf 87' lang='lat' dir='ltr'><strong>bae·</strong></span> <span class='ocrx_word' id='word_1_621' title='bbox 1543 4875 1662 4945; x_wconf 82' lang='lat' dir='ltr'><strong>fleatur</strong></span> <span class='ocrx_word' id='word_1_622' title='bbox 1683 4878 1782 4955; x_wconf 92' lang='lat' dir='ltr'><strong>idem,</strong></span> <span class='ocrx_word' id='word_1_623' title='bbox 1803 4881 1893 4964; x_wconf 87' lang='lat' dir='ltr'><strong>quod</strong></span> <span class='ocrx_word' id='word_1_624' title='bbox 1914 4883 1948 4945; x_wconf 87' lang='lat' dir='ltr'><strong>in</strong></span> <span class='ocrx_word' id='word_1_625' title='bbox 1970 4882 2123 4946; x_wconf 87' lang='lat' dir='ltr'><strong>versibus</strong></span> <span class='ocrx_word' id='word_1_626' title='bbox 2145 4881 2276 4961; x_wconf 86' lang='lat' dir='ltr'><strong>dieitur,</strong></span> 
     </span>
     <span class='ocr_line' id='line_1_47' title="bbox 511 4965 1491 5050; baseline -0.002 -19"><span class='ocrx_word' id='word_1_627' title='bbox 511 4970 604 5033; x_wconf 88' lang='lat' dir='ltr'><strong>retici</strong></span> <span class='ocrx_word' id='word_1_628' title='bbox 633 4966 767 5034; x_wconf 89' lang='lat' dir='ltr'><strong>aluntur</strong></span> <span class='ocrx_word' id='word_1_629' title='bbox 800 4987 904 5032; x_wconf 91' lang='lat' dir='ltr'><strong>succo</strong></span> <span class='ocrx_word' id='word_1_630' title='bbox 937 4966 1148 5048; x_wconf 78' lang='lat' dir='ltr'><strong>Scripturas,</strong></span> <span class='ocrx_word' id='word_1_631' title='bbox 1181 4965 1243 5028; x_wconf 89' lang='lat' dir='ltr'><strong>sed</strong></span> <span class='ocrx_word' id='word_1_632' title='bbox 1277 4965 1491 5050; x_wconf 81' lang='lat' dir='ltr'><strong>depravatae.</strong></span> 
     </span>
     <span class='ocr_line' id='line_1_48' title="bbox 512 5047 2336 5138; baseline -0.002 -20"><span class='ocrx_word' id='word_1_633' title='bbox 512 5053 654 5126; x_wconf 89' lang='lat' dir='ltr'><strong>Quando</strong></span> <span class='ocrx_word' id='word_1_634' title='bbox 676 5065 847 5138; x_wconf 91' lang='lat' dir='ltr'><strong>putatores</strong></span> <span class='ocrx_word' id='word_1_635' title='bbox 870 5051 988 5118; x_wconf 87' lang='lat' dir='ltr'><strong>volunt</strong></span> <span class='ocrx_word' id='word_1_636' title='bbox 1009 5050 1154 5115; x_wconf 89' lang='lat' dir='ltr'><strong>incidere</strong></span> <span class='ocrx_word' id='word_1_637' title='bbox 1167 5047 1318 5132; x_wconf 84' lang='lat' dir='ltr'><strong>frutices,</strong></span> <span class='ocrx_word' id='word_1_638' title='bbox 1340 5062 1419 5118; x_wconf 87' lang='lat' dir='ltr'><strong>tune</strong></span> <span class='ocrx_word' id='word_1_639' title='bbox 1432 5050 1491 5116; x_wconf 93' lang='lat' dir='ltr'><strong>ba·</strong></span> <span class='ocrx_word' id='word_1_640' title='bbox 1585 5048 1647 5110; x_wconf 84' lang='lat' dir='ltr'><strong>Nil</strong></span> <span class='ocrx_word' id='word_1_641' title='bbox 1662 5070 1737 5120; x_wconf 76' lang='lat' dir='ltr'><strong>mm,</strong></span> <span class='ocrx_word' id='word_1_642' title='bbox 1757 5049 1844 5112; x_wconf 82' lang='lat' dir='ltr'><strong>nulia</strong></span> <span class='ocrx_word' id='word_1_643' title='bbox 1866 5053 1958 5113; x_wconf 79' lang='lat' dir='ltr'><strong>miser</strong></span> <span class='ocrx_word' id='word_1_644' title='bbox 1978 5055 2052 5113; x_wconf 79' lang='lat' dir='ltr'><strong>novi</strong></span> <span class='ocrx_word' id='word_1_645' title='bbox 2065 5052 2183 5114; x_wconf 82' lang='lat' dir='ltr'><strong>solatia</strong></span> <span class='ocrx_word' id='word_1_646' title='bbox 2203 5074 2336 5116; x_wconf 78' lang='lat' dir='ltr'><strong>massam</strong></span> 
     </span>
     <span class='ocr_line' id='line_1_49' title="bbox 511 5132 2503 5225; baseline 0.002 -22"><span class='ocrx_word' id='word_1_647' title='bbox 511 5141 591 5204; x_wconf 92' lang='lat' dir='ltr'><strong>bent</strong></span> <span class='ocrx_word' id='word_1_648' title='bbox 619 5141 786 5216; x_wconf 81' lang='lat' dir='ltr'><strong>scuticas,</strong></span> <span class='ocrx_word' id='word_1_649' title='bbox 822 5140 943 5225; x_wconf 84' lang='lat' dir='ltr'><strong>quibus</strong></span> <span class='ocrx_word' id='word_1_650' title='bbox 972 5134 1142 5222; x_wconf 87' lang='lat' dir='ltr'><strong>depellunt</strong></span> <span class='ocrx_word' id='word_1_651' title='bbox 1169 5139 1315 5220; x_wconf 88' lang='lat' dir='ltr'><strong>viperas.</strong></span> <span class='ocrx_word' id='word_1_652' title='bbox 1371 5136 1429 5203; x_wconf 87' lang='lat' dir='ltr'><strong>Sic</strong></span> <span class='ocrx_word' id='word_1_653' title='bbox 1457 5139 1491 5203; x_wconf 91' lang='lat' dir='ltr'><strong>in</strong></span> <span class='ocrx_word' id='word_1_654' title='bbox 1626 5136 1812 5216; x_wconf 81' lang='lat' dir='ltr'><strong>lhvnaaum,</strong></span> <span class='ocrx_word' id='word_1_655' title='bbox 1834 5141 1898 5199; x_wconf 77' lang='lat' dir='ltr'><strong>aisa·</strong></span> <span class='ocrx_word' id='word_1_656' title='bbox 1918 5139 2003 5220; x_wconf 81' lang='lat' dir='ltr'><strong>qaod</strong></span> <span class='ocrx_word' id='word_1_657' title='bbox 2025 5147 2058 5200; x_wconf 85' lang='lat' dir='ltr'><strong>ta</strong></span> <span class='ocrx_word' id='word_1_658' title='bbox 2080 5160 2199 5222; x_wconf 80' lang='lat' dir='ltr'><strong>qrsoqse</strong></span> <span class='ocrx_word' id='word_1_659' title='bbox 2222 5139 2347 5203; x_wconf 77' lang='lat' dir='ltr'><strong>Christe</strong></span> <span class='ocrx_word' id='word_1_660' title='bbox 2365 5146 2465 5224; x_wconf 71' lang='lat' dir='ltr'><strong>peris.</strong></span> <span class='ocrx_word' id='word_1_661' title='bbox 2497 5132 2503 5143; x_wconf 81' lang='lat'>&#39;</span> 
     </span>
     <span class='ocr_line' id='line_1_50' title="bbox 510 5221 2430 5309; baseline 0.002 -19"><span class='ocrx_word' id='word_1_662' title='bbox 510 5223 666 5290; x_wconf 79' lang='lat' dir='ltr'><strong>Ecclesia</strong></span> <span class='ocrx_word' id='word_1_663' title='bbox 698 5228 826 5290; x_wconf 79' lang='lat' dir='ltr'><strong>scutica</strong></span> <span class='ocrx_word' id='word_1_664' title='bbox 861 5222 1047 5308; x_wconf 92' lang='lat' dir='ltr'><strong>depellendi</strong></span> <span class='ocrx_word' id='word_1_665' title='bbox 1080 5234 1157 5290; x_wconf 85' lang='lat' dir='ltr'><strong>sunt</strong></span> <span class='ocrx_word' id='word_1_666' title='bbox 1190 5225 1334 5289; x_wconf 82' lang='lat' dir='ltr'><strong>fanatici.</strong></span> <span class='ocrx_word' id='word_1_667' title='bbox 1384 5222 1491 5289; x_wconf 86' lang='lat' dir='ltr'><strong>lllulta</strong></span> <span class='ocrx_word' id='word_1_668' title='bbox 1590 5221 1635 5284; x_wconf 79' lang='lat' dir='ltr'><strong>fb</strong></span> <span class='ocrx_word' id='word_1_669' title='bbox 1656 5244 1702 5284; x_wconf 87' lang='lat' dir='ltr'><strong>me</strong></span> <span class='ocrx_word' id='word_1_670' title='bbox 1718 5230 1858 5306; x_wconf 56' lang='lat' dir='ltr'><strong>sajeata</strong></span> <span class='ocrx_word' id='word_1_671' title='bbox 1875 5225 2033 5306; x_wconf 67' lang='lat' dir='ltr'><strong>lirrpilem,</strong></span> <span class='ocrx_word' id='word_1_672' title='bbox 2057 5233 2091 5286; x_wconf 86' lang='grc' dir='ltr'><strong>ιιι</strong></span> <span class='ocrx_word' id='word_1_673' title='bbox 2116 5226 2253 5308; x_wconf 78' lang='lat' dir='ltr'><strong>Christe,</strong></span> <span class='ocrx_word' id='word_1_674' title='bbox 2269 5229 2430 5309; x_wconf 76' lang='lat' dir='ltr'><strong>puhcraa3</strong></span> 
     </span>
     <span class='ocr_line' id='line_1_51' title="bbox 510 5308 2338 5396; baseline -0.002 -19"><span class='ocrx_word' id='word_1_675' title='bbox 510 5310 674 5377; x_wconf 87' lang='lat' dir='ltr'><strong>mirabilia</strong></span> <span class='ocrx_word' id='word_1_676' title='bbox 705 5331 808 5396; x_wconf 89' lang='lat' dir='ltr'><strong>opera</strong></span> <span class='ocrx_word' id='word_1_677' title='bbox 837 5313 982 5376; x_wconf 89' lang='lat' dir='ltr'><strong>ostendit</strong></span> <span class='ocrx_word' id='word_1_678' title='bbox 1009 5312 1106 5376; x_wconf 88' lang='lat' dir='ltr'><strong>nobis</strong></span> <span class='ocrx_word' id='word_1_679' title='bbox 1128 5309 1223 5377; x_wconf 89' lang='lat' dir='ltr'><strong>Deus</strong></span> <span class='ocrx_word' id='word_1_680' title='bbox 1252 5314 1285 5375; x_wconf 90' lang='lat' dir='ltr'><strong>in</strong></span> <span class='ocrx_word' id='word_1_681' title='bbox 1313 5311 1491 5375; x_wconf 90' lang='lat' dir='ltr'><strong>arboribus</strong></span> <span class='ocrx_word' id='word_1_682' title='bbox 1628 5311 1706 5387; x_wconf 84' lang='lat' dir='ltr'><strong>Fac,</strong></span> <span class='ocrx_word' id='word_1_683' title='bbox 1728 5308 1763 5372; x_wconf 86' lang='grc' dir='ltr'><strong>ιιι</strong></span> <span class='ocrx_word' id='word_1_684' title='bbox 1784 5314 1840 5371; x_wconf 85' lang='lat' dir='ltr'><strong>sim</strong></span> <span class='ocrx_word' id='word_1_685' title='bbox 1861 5331 1982 5372; x_wconf 82' lang='lat' dir='ltr'><strong>massae</strong></span> <span class='ocrx_word' id='word_1_686' title='bbox 2003 5311 2144 5374; x_wconf 77' lang='lat' dir='ltr'><strong>sarculus</strong></span> <span class='ocrx_word' id='word_1_687' title='bbox 2165 5317 2234 5394; x_wconf 74' lang='grc' dir='ltr'>ι’ριο</span> <span class='ocrx_word' id='word_1_688' title='bbox 2256 5321 2338 5377; x_wconf 81' lang='lat' dir='ltr'><strong>tuae.</strong></span> 
     </span>
     <span class='ocr_line' id='line_1_52' title="bbox 510 5395 1492 5485; baseline -0.001 -22"><span class='ocrx_word' id='word_1_689' title='bbox 510 5413 632 5463; x_wconf 89' lang='lat' dir='ltr'><strong>terrae.</strong></span> <span class='ocrx_word' id='word_1_690' title='bbox 677 5397 712 5461; x_wconf 87' lang='lat' dir='ltr'><strong>Si</strong></span> <span class='ocrx_word' id='word_1_691' title='bbox 744 5399 818 5483; x_wconf 87' lang='lat' dir='ltr'><strong>qais</strong></span> <span class='ocrx_word' id='word_1_692' title='bbox 841 5395 1022 5485; x_wconf 78' lang='lat' dir='ltr'><strong>allegorias</strong></span> <span class='ocrx_word' id='word_1_693' title='bbox 1049 5420 1157 5463; x_wconf 90' lang='lat' dir='ltr'><strong>rerum</strong></span> <span class='ocrx_word' id='word_1_694' title='bbox 1180 5399 1388 5462; x_wconf 88' lang='lat' dir='ltr'><strong>nascentium</strong></span> <span class='ocrx_word' id='word_1_695' title='bbox 1412 5395 1492 5462; x_wconf 86' lang='lat' dir='ltr'><strong>velit</strong></span> 
     </span>
     <span class='ocr_line' id='line_1_53' title="bbox 509 5477 2527 5571; baseline 0.004 -22"><span class='ocrx_word' id='word_1_696' title='bbox 509 5485 730 5570; x_wconf 88' lang='lat' dir='ltr'><strong>interpretari,</strong></span> <span class='ocrx_word' id='word_1_697' title='bbox 752 5505 850 5570; x_wconf 86' lang='lat' dir='ltr'><strong>quam</strong></span> <span class='ocrx_word' id='word_1_698' title='bbox 872 5486 975 5552; x_wconf 89' lang='lat' dir='ltr'><strong>multa</strong></span> <span class='ocrx_word' id='word_1_699' title='bbox 996 5496 1137 5571; x_wconf 86' lang='lat' dir='ltr'><strong>possent</strong></span> <span class='ocrx_word' id='word_1_700' title='bbox 1158 5485 1286 5549; x_wconf 88' lang='lat' dir='ltr'><strong>erudite</strong></span> <span class='ocrx_word' id='word_1_701' title='bbox 1307 5482 1394 5551; x_wconf 88' lang='lat' dir='ltr'><strong>dici!</strong></span> <span class='ocrx_word' id='word_1_702' title='bbox 1628 5477 1729 5546; x_wconf 79' lang='lat' dir='ltr'><strong>lilius</strong></span> <span class='ocrx_word' id='word_1_703' title='bbox 1753 5481 1817 5547; x_wconf 90' lang='lat' dir='ltr'><strong>Dei</strong></span> <span class='ocrx_word' id='word_1_704' title='bbox 1839 5487 1978 5549; x_wconf 85' lang='lat' dir='ltr'><strong>assumit</strong></span> <span class='ocrx_word' id='word_1_705' title='bbox 2000 5483 2177 5550; x_wconf 89' lang='lat' dir='ltr'><strong>humanam</strong></span> <span class='ocrx_word' id='word_1_706' title='bbox 2199 5498 2371 5569; x_wconf 87' lang='lat' dir='ltr'><strong>naturam,</strong></span> <span class='ocrx_word' id='word_1_707' title='bbox 2403 5501 2439 5557; x_wconf 88' lang='lat' dir='ltr'><strong>et</strong></span> <span class='ocrx_word' id='word_1_708' title='bbox 2459 5508 2527 5557; x_wconf 77' lang='lat' dir='ltr'><strong>nos</strong></span> 
     </span>
    </p>

    <p class='ocr_par' dir='ltr' id='par_1_6' title="bbox 1542 5567 2527 5661">
     <span class='ocr_line' id='line_1_54' title="bbox 1542 5567 2527 5661; baseline 0.014 -28"><span class='ocrx_word' id='word_1_709' title='bbox 1542 5578 1654 5655; x_wconf 78' lang='lat' dir='ltr'><strong>gestat</strong></span> <span class='ocrx_word' id='word_1_710' title='bbox 1674 5579 1841 5656; x_wconf 86' lang='lat' dir='ltr'><strong>tamquam</strong></span> <span class='ocrx_word' id='word_1_711' title='bbox 1862 5567 2028 5638; x_wconf 85' lang='lat' dir='ltr'><strong>surculos.</strong></span> <span class='ocrx_word' id='word_1_712' title='bbox 2071 5569 2193 5638; x_wconf 83' lang='lat' dir='ltr'><strong>&#39;fotum</strong></span> <span class='ocrx_word' id='word_1_713' title='bbox 2215 5594 2323 5661; x_wconf 76' lang='lat' dir='ltr'><strong>genus</strong></span> <span class='ocrx_word' id='word_1_714' title='bbox 2343 5568 2527 5647; x_wconf 72' lang='lat' dir='ltr'><strong>humandis</strong></span> 
     </span>
    </p>
   </div>
   <div class='ocr_carea' id='block_1_4' title="bbox 0 0 2972 6709">
    <p class='ocr_par' dir='ltr' id='par_1_7' title="bbox 0 0 2972 6709">
     <span class='ocr_line' id='line_1_55' title="bbox 0 0 2972 6709; baseline 0 0"><span class='ocrx_word' id='word_1_715' title='bbox 0 0 2972 6709; x_wconf 95' lang='lat' dir='ltr'><strong> </strong></span> 
     </span>
    </p>
   </div>
  </div>
 </body>
</html>
