5934 6709
469 702 536 773 issi
590 692 593 699 ¹
1107 699 1219 767 Pilia
1242 698 1348 767 ΜΠ.
1369 697 1559 769 souti’rs
1579 696 1845 770 moestos.
2415 700 2483 771 368

471 889 645 978 scopulos,
668 894 732 957 dcc
751 910 826 956 man
847 893 908 954 iezt
927 890 1010 957 beist
1030 892 1188 956 claussen
1232 886 1344 956 Credo
1365 887 1450 954 'leu-
1501 889 1548 955 ibi
1570 889 1614 954 sit
1636 887 1797 976 sepultus.
1914 888 1982 955 hou
2004 902 2057 957 est
2078 886 2135 954 ilie
2157 902 2289 968 ventus,
2311 891 2368 977 qui
2389 901 2485 959 unte·

470 1000 543 1045 rum
570 999 638 1044 uon
667 978 730 1043 dici
753 975 900 1063 aiigura
921 976 1026 1054 tauri,
1047 978 1109 1042 sed
1130 996 1153 1042 a
1174 976 1265 1042 tium
1287 975 1321 1041 id
1342 986 1451 1054 est,a
1503 974 1592 1042 cedit
1613 971 1752 1056 fulmen,
1774 977 1836 1043 der
1883 979 1909 1041 'e
1927 979 1994 1042 leat
2019 975 2174 1061 stupidos
2195 975 2318 1042 macht:
2346 977 2484 1064 quaudo

470 1063 641 1138 saucibus3
662 1063 739 1149 quie
760 1060 894 1128 luerunt
916 1074 1059 1141 montes,
1081 1062 1168 1129 sicut
1190 1060 1309 1148 Alpes,
1325 1061 1359 1127 iu
1380 1061 1451 1149 qui·
1502 1081 1570 1127 non
1603 1062 1750 1143 occidit,
1781 1075 1892 1129 tamen
1923 1059 2004 1129 iactr
2036 1063 2220 1139 attonitos,
2243 1059 2299 1127 rei
2318 1062 2483 1150 stupidos.

470 1152 536 1219 hus
558 1148 692 1216 suerunt
713 1145 829 1214 fauces
850 1148 893 1214 ed
916 1145 1090 1232 ulteriores
1112 1150 1278 1236 regiones.
1503 1147 1530 1212 F
1531 1148 1697 1228 luxerunt,
1742 1149 1807 1215 uod
1828 1145 1969 1236 Typhon
1992 1148 2037 1214 ibi
2057 1150 2119 1228 sit,
2140 1160 2175 1213 et
2195 1159 2286 1214 motu
2307 1168 2370 1215 suo
2391 1143 2488 1217 efflet

557 1235 632 1322 Ego
654 1236 806 1300 existimo
828 1231 1014 1319 Decapoiin
1043 1233 1166 1299 dictam
1198 1254 1276 1299 esse
1303 1244 1368 1298 tetn
1414 1252 1452 1298 re
1502 1236 1513 1299 i
1561 1252 1625 1300 em.
1765 1247 1818 1300 est
1838 1246 2083 1301 monumentum
2110 1254 2238 1318 poenae
2259 1234 2429 1303 Sodom
2450 1246 2487 1305 α

470 1320 771 1407 Romaui'lmperii.
815 1318 952 1386 Gadara
977 1321 1036 1385 bat
1062 1320 1147 1385 aab
1178 1321 1296 1387 doratio
1325 1253 1451 1469 penta
1560 1317 1725 1386 morrhae.
1768 1321 1814 1386 Ee
1829 1321 1930 1386 stellet
1952 1321 2142 1386 nominatior
2165 1321 2197 1384 iu
2219 1318 2372 1401 historia,
2393 1322 2486 1409 quod

471 1406 670 1475 Gadarenus
702 1405 799 1473 lacus
831 1402 892 1472 fuit
924 1409 1054 1492 putris,
1090 1408 1123 1473 iu
1162 1427 1260 1492 quem
1296 1403 1451 1471 cristus
1503 1408 1577 1492 ipse
1600 1404 1704 1473 Filius
1726 1406 1790 1472 Dei
1816 1403 1914 1473 suerit
1943 1419 2102 1472 executor
2122 1402 2211 1471 iliius
2232 1426 2372 1489 poenae.
2417 1412 2486 1477 Do·

494 1494 701 1580 raecipitavit
717 1513 852 1579 porcos,
874 1493 932 1557 bat
953 1494 1037 1559 auct
1058 1494 1093 1558 in
1114 1494 1169 1558 die
1191 1488 1377 1577 Decapolin
1396 1510 1452 1577 pe·
1503 1494 1608 1559 mirata
1629 1512 1671 1559 ac
1730 1496 1756 1557 tt
1776 1495 1877 1579 ipnen
1899 1516 1921 1560 a
1943 1492 2095 1560 ommno:
2122 1493 2212 1578 quod
2233 1493 2394 1559 debeam
2414 1514 2486 1564 me

470 1515 558 1646 hort.
605 1579 793 1644 Damascus
815 1580 915 1646 hodie
937 1592 990 1644 est
1012 1578 1141 1644 ilorens
1162 1580 1256 1656 urbs,
1278 1589 1312 1642 et
1332 1588 1386 1643 est
1406 1577 1452 1642 ibi
1503 1580 1653 1645 minisse.
1727 1590 1760 1644 st
1780 1580 2014 1657 testimonium,
2040 1580 2131 1663 quod
2151 1577 2236 1658 λόγος
2258 1580 2302 1643 sit
2322 1599 2486 1665 persons,

472 1664 710 1733 celeberrimus
737 1677 923 1744 marcatus,
949 1678 983 1729 et
1008 1663 1092 1730 liunt
1117 1665 1163 1731 ibi
1196 1664 1319 1750 optima
1348 1659 1452 1728 ferra·
1503 1666 1550 1731 da
1571 1683 1609 1730 er
1630 1668 1687 1730 anit
1708 1667 1778 1731 den
1800 1665 1966 1732 Abraham
1986 1682 2101 1750 persen
2116 1663 2192 1742 lat,
2212 1665 2320 1729 wacbt
2342 1685 2380 1733 er
2396 1662 2486 1748 lm,

471 1762 605 1833 menta,
637 1753 691 1817 die
712 1752 820 1817 aaran
839 1749 988 1836 lilnpen:
1010 1751 1111 1816 habet
1131 1769 1233 1816 venas
1256 1744 1451 1814 metallicas.
1503 1763 1538 1815 et
1558 1747 1648 1816 deiet
1667 1751 1857 1818 Sodomam.
1901 1750 2014 1818 haam
2045 1752 2109 1815 iste
2138 1748 2345 1836 Asphaltiten
2376 1764 2430 1818 est
2450 1754 2487 1820 iu

470 1836 616 1923 Sarepta
648 1839 692 1903 iat
718 1836 802 1902 auct
829 1837 876 1901 do
900 1838 1047 1923 pelopen,
1069 1835 1254 1919 nichitam
1275 1856 1296 1900 a
1318 1835 1449 1902 Sidone
1502 1834 1615 1903 ilmina
1636 1835 1791 1916 Iudaeae,
1811 1834 1933 1925 longus
1957 1850 2034 1903 octo
2055 1834 2247 1902 miliaribus.

472 1922 612 2009 Sarepta
628 1925 663 1988 id
680 1934 743 2000 est,
758 1921 1000 2001 conflatorium,
1011 1924 1196 2008 amsetpa
1206 1922 1302 1989 tata
1335 1922 1451 1987 Omnis

470 2029 583 2074 sermo
605 2008 691 2082 Dei,
721 2011 768 2074 da
800 2011 861 2073 air
880 2009 999 2088 baben,
1020 2010 1156 2094 ignitus,
1183 2029 1245 2094 pur
1269 2020 1346 2073 atus
1368 2004 1452 2072 mul·

472 2091 644 2182 tiplicitere
683 2094 740 2161 Da
761 2094 862 2160 stebet
894 2096 958 2161 das
989 2103 1083 2174 saort,
1126 2029 1288 2180 Zarpath:
1321 2094 1355 2159 id
1389 2103 1451 2166 est,

472 2180 652 2247 conflatus.
696 2180 844 2246 Verbum
866 2178 930 2247 Dei
952 2182 1051 2246 debet
1074 2201 1152 2246 esse
1184 2194 1383 2268 purgatum,
1415 2190 1453 2244 ut

471 2268 674 2334 retineamus
702 2268 838 2333 incorru
861 2280 927 2333 tam
960 2270 1167 2333 sententiam.
1216 2266 1357 2334 Dar-eon
1377 2272 1453 2349 capt

472 2351 649 2421 Salomon:
671 2349 819 2418 Verbum
876 2349 1068 2440 eiciypeus
1088 2353 1223 2439 ignitus.
1273 2352 1349 2417 Und
1369 2370 1452 2417 mer·

472 2439 543 2506 atet
563 2439 649 2518 aaa,
671 2440 736 2504 dm
755 2437 811 2503 nr
841 2438 930 2504 nacte
962 2441 1115 2524 atteytrt,
1147 2441 1206 2504 cie
1236 2440 1290 2504 aa
1316 2438 1452 2503 nmm-
1527 2424 1638 2530 Quid
1668 2439 1742 2530 est,
1773 2428 1885 2537 quod
1915 2424 2170 2510 nominamus
2200 2424 2465 2515 miraculum?

472 2526 606 2613 ptistee‚
629 2536 663 2591 et
684 2526 772 2591 sieut
792 2523 851 2590 ilie
872 2545 991 2591 scurra
1012 2522 1150 2591 cunrat:

603 2641 727 2711 paulu,
750 2644 846 2720 (pop,
878 2642 955 2711 No„
981 2643 1057 2710 ἀίω
1077 2644 1249 2712 ,Μ
1269 2645 1454 2729 'mm-m,
1593 2609 1688 2694 Opus
1709 2621 1803 2673 extra
1831 2608 1980 2675 ordinem
2002 2620 2139 2673 naturae
2166 2628 2189 2673 e
2210 2606 2285 2673 lieo
2305 2604 2430 2675 iactum
2450 2620 2489 2679 ut

1770 2203 1850 2287 De
1900 2202 2224 2287 Miracuiis

644 2738 681 2795 „t
703 2731 800 2795 detur
817 2729 1036 2816 mmmm
1506 2695 1552 2760 sit
1573 2695 1796 2762 testimonium
1816 2695 1859 2760 de
1875 2692 1962 2773 Deo,
1985 2692 2069 2760 alias
2090 2691 2156 2760 alia
2177 2696 2376 2775 occasione,
2395 2706 2432 2761 et
2451 2694 2489 2763 in

604 2815 694 2903 m
715 2816 800 2883 ua
820 2835 925 2902 aa
945 2835 1010 2881 a
1031 2823 1106 2883 a
1126 2817 1324 2883 mm
1506 2778 1960 2935 itdttfflitiffssit
2002 2778 2085 2933 iit
2113 2776 2489 2948 struem

560 2951 774 3038 Respondeo.
796 2948 922 3019 Paulus
944 2972 1012 3019 nou
1034 2950 1105 3019 vult
1127 2951 1201 3019 tolli
1212 2953 1456 3019 distinetiomm
1507 2953 1678 3034 Abrahae,
1694 2964 1759 3019 eto.

474 3039 693 3120 dominorum,
714 3041 775 3105 sed
796 3036 879 3106 mult
899 3039 1034 3105 modum
1055 3037 1352 3127 Eleemosynarum
1374 3035 1457 3106 libe·

473 3146 548 3193 rum
570 3143 659 3193 esse
702 3121 931 3194 donctonator
941 3145 1009 3191 uon
1021 3123 1121 3191 debet
1130 3127 1375 3212 praescribere,
1386 3145 1456 3192 mo

474 3213 552 3279 dum
572 3212 626 3279 siu
688 3212 823 3286 ’3uou
844 3210 945 3278 dehet
963 3211 1172 3299 praecipere,
1192 3223 1229 3279 tu
1250 3213 1311 3280 des
1329 3211 1458 3292 decem,
1742 3285 1750 3303 ‚
1935 3284 1943 3302 ‚
1993 3288 1996 3295 ,
2044 3283 2054 3303 ,
2398 3283 2408 3302 .

473 3309 509 3366 tu
529 3297 585 3364 ιο.
664 3296 783 3365 eboc
814 3316 939 3385 mucra
970 3317 1111 3450 operum
1142 3297 1290 3386 loquitur
1319 3295 1455 3367 Paulas·
1508 3284 1666 3373 Suntne
1697 3299 1822 3370 enam
1851 3296 2082 3369 tesbmoma
2113 3285 2167 3369 de
2195 3281 2286 3369 Deo
2322 3282 2490 3369 ordme—

473 3382 544 3453 Sed
575 3404 644 3453 uou
670 3382 763 3451 valet
790 3397 995 3470 consequent
1055 3405 1077 3450 a
1104 3403 1173 3453 uou
1203 3394 1386 3471 praecepto
1412 3383 1457 3450 ad
1897 3439 1906 3456 .

472 3481 695 3558 praeceptum
739 3468 941 3556 Praeceptor
962 3469 1041 3536 Non
1056 3472 1186 3538 occidas
1201 3467 1457 3554 nonfurobeta's,
1876 3468 1935 3524 na
1965 3437 2114 3553 Opssffli

474 3568 554 3623 suut
570 3553 797 3624 immutabilia.
840 3559 947 3623 man
963 3565 1041 3642 sapt
1058 3558 1121 3623 der
1140 3565 1228 3624 texta
1251 3556 1371 3624 Sermo
1393 3554 1458 3623 Dei

472 3651 651 3796 ffiiff’
670 3641 705 3709 '⁰
725 3654 790 3722 ‘⁸¹’
810 3644 897 3709 Μ’
916 3643 1104 3731 mm
1124 3644 1282 3724 Μ
1302 3654 1357 3712 ⁰⁵²
1378 3661 1457 3709 ‘’⁰¹''
1510 3747 1573 3794 aa
1594 3641 1976 3813 {inliteratis
1993 3640 2492 3812 taleheim

1510 3815 1596 3882 Sunt
1616 3813 1651 3879 in
1672 3823 1784 3878 meute
1810 3814 1964 3894 notitiae,
1989 3824 2024 3879 ει
2053 3812 2167 3879 addita
2192 3826 2246 3879 est
2272 3811 2494 3893 couscientia,

1511 3919 1598 4003 qpae
1632 3910 1686 3965 est
1717 3900 1848 3966 vindex.
1864 3955 1877 4004 .·
1892 3898 2243 4006 Qnd⁰‚5¹‚²v‚⁰⁰9⁶⁸2
2271 3898 2400 4005 debetis
2431 3916 2493 3965 eo·

472 4062 647 4147 Lacus
701 4059 1069 4165 Genezareth,
1126 4059 1458 4166 Gadarenus,
1510 3998 1620 4138 ἷςιιιιῑιῖιιῖεθ
1635 3982 2494 4177 peeffipfflpspdppppwpppffi

539 4229 594 4302 et
636 4215 1033 4329 Asphaltites,
1078 4186 1392 4303 disserunt
1507 4157 2172 4332 pppsstmggppppntswcppappuffopsetm
2192 4156 2494 4332 ppoppgpvppffi

1512 4331 1589 4413 Dei,
1599 4342 1636 4398 ut
1657 4329 1866 4397 celebremus
1888 4329 2060 4411 artificem,
2076 4342 2112 4397 et
2127 4343 2164 4396 ut
2188 4351 2263 4398 eum
2283 4331 2491 4397 invocemus.

560 4414 724 4482 Darnocb
744 4416 847 4483 nebat
867 4418 932 4498 lle,
953 4414 1243 4486 illareGaliiaeae.
1286 4416 1336 4484 ita
1356 4418 1460 4485 nomi·
1598 4417 1769 4484 Habemus
1796 4417 1859 4482 iam
1887 4415 1991 4484 multa
2016 4414 2175 4504 pericula
2220 4415 2351 4483 Videtis
2373 4414 2493 4504 vagari

473 4513 533 4568 nat
554 4499 818 4589 limpidissimum
838 4501 961 4585 lacum,
979 4504 1045 4571 der
1064 4504 1112 4572 da
1131 4504 1215 4572 taut
1236 4500 1460 4583 Geuezareth,
1512 4504 1659 4586 morbos,
1680 4505 1736 4589 qui
1758 4504 1881 4570 debent
1900 4524 1965 4570 uos
1986 4524 2138 4584 mouere,
2165 4524 2233 4569 uou
2255 4502 2366 4570 solum
2387 4514 2425 4568 ut
2445 4502 2492 4569 sl·

475 4590 539 4656 dett
565 4606 644 4656 mon
670 4596 762 4656 solut
787 4599 904 4658 nannet
930 4609 1024 4657 mara
1043 4589 1243 4658 Tiberiadis.
1283 4590 1351 4657 Dte
1369 4589 1461 4658 Stati
1510 4610 1585 4657 mus
1607 4586 1834 4676 diligentiores
1855 4592 1888 4656 iu
1914 4592 2124 4676 precatione,
2151 4591 2214 4657 sad
2240 4591 2338 4655 etiam
2366 4603 2434 4655 tem

473 4673 646 4756 liberius,
677 4674 738 4743 lat
765 4694 889 4744 norum
920 4697 1043 4745 nomeu
1076 4676 1262 4744 a'l'iberio.
1306 4677 1459 4744 Herodes
1510 4677 1687 4743 mutieres.
1730 4674 1861 4741 Recens
1893 4675 1927 4741 in
1948 4675 2159 4742 biarchiam
2188 4674 2338 4763 profesto
2367 4674 2446 4741 leco

473 4761 533 4830 bat
576 4763 787 4829 mesentibus
809 4761 951 4829 dominis
970 4761 1164 4847 palaeolalt.
1206 4764 1317 4831 Antea
1339 4773 1460 4831 vocata
1511 4762 1590 4828 dum
1616 4762 1834 4828 concionatur
1859 4777 1996 4848 pastor,
2028 4776 2129 4830 ruunt
2162 4762 2336 4849 laquearia
2365 4758 2493 4849 templi.

474 4859 528 4914 est
550 4784 725 4929 diseretis,
746 4847 781 4913 id
803 4861 867 4929 est,
889 4847 1048 4927 Cithara3
1082 4849 1159 4935 quia
1181 4848 1297 4916 habuit
1317 4848 1460 4938 figuram
1511 4867 1681 4915 concussa
1698 4860 1806 4915 terrae
1826 4860 1975 4929 motu‚et
1996 4849 2183 4936 opprimunt
2204 4858 2434 4935 pastorem,et
2451 4844 2495 4915 lo

474 4934 633 5003 citharae.
663 4932 816 5002 Galilaea
834 4946 887 5002 est
907 4933 1022 5002 adhuc
1043 4935 1299 5002 amoenissimus
1319 4947 1459 5002 mactus.
1511 4935 1673 5001 homiues.
1697 4933 1752 5000 Ali
1776 4936 1809 5000 ui
1830 4933 2036 5022 effugerunt,
2065 4936 2122 5021 qui
2141 4948 2252 5000 tamen
2279 4936 2380 5002 etiam
2403 4930 2494 5001 laesi

474 5018 552 5088 Non
573 5032 627 5087 est
648 5019 745 5092 lacus
766 5020 979 5103 Gadarenus,
999 5022 1062 5087 der
1081 5020 1127 5086 iat
1144 5021 1225 5088 uber
1244 5022 1308 5088 den
1323 5022 1459 5094 Iordm.
1513 5032 1603 5101 suat,
1626 5041 1667 5087 ru
1689 5022 1732 5087 tis
1790 5021 1933 5108 pidibus.
1977 5019 2132 5089 Sedecim
2152 5018 2217 5101 illi,
2267 5023 2300 5087 ui
2326 5031 2408 5089 suut
2433 5038 2494 5107 op·

474 5126 596 5174 versus
617 5105 782 5174 ituraeam
802 5120 855 5176 est
876 5105 974 5175 lacus
994 5103 1153 5175 socnam.
1195 5107 1320 5176 Postea
1340 5126 1459 5176 rursus
1511 5109 1633 5195 pressi,
1692 5118 1789 5174 eruut
1810 5104 1967 5174 collocati
1987 5110 2021 5174 in
2042 5129 2143 5175 unum
2161 5042 2363 5193 septdcrum.
2410 5106 2494 5175 Pes·

474 5202 528 5261 est
548 5190 635 5259 alius
664 5190 761 5260 laem
782 5190 1015 5280 Asphaltites,
1048 5193 1105 5282 qui
1127 5206 1181 5261 est
1212 5192 1309 5263 laem
1363 5192 1460 5262 lenus
1512 5206 1565 5261 set
1586 5194 1686 5262 uobis
1707 5190 1850 5280 singuiis
1871 5195 2035 5261 accidere.
2078 5191 2173 5260 'iulia
2199 5189 2354 5279 exemplu
2381 5194 2494 5263 oonsi-

474 5275 662 5367 sulphurist
683 5275 796 5347 faetus
818 5299 861 5346 ex
882 5279 1052 5348 cineribus
1071 5278 1241 5349 &domae
1262 5293 1297 5349 et
1319 5216 1461 5348 (rhemor-
1512 5281 1680 5359 dereruus,
1703 5280 1798 5366 proci
1817 5276 2005 5367 Penelopes
2026 5281 2155 5347 rident:
2182 5280 2229 5346 do
2257 5279 2321 5346 das
2341 5279 2413 5346 blut
2432 5298 2495 5350 αι

474 5361 569 5432 ritae.
598 5364 699 5433 Unde
720 5366 861 5435 dicitur?
881 5365 937 5433 Ab
959 5366 1045 5436 liach
1064 5376 1097 5434 at
1117 5366 1266 5450 Pamin
1286 5366 1461 5456 astipulo
1512 5368 1578 5435 den
1597 5366 1729 5434 toenden
1751 5374 1897 5472 spe-apt:
1923 5369 1987 5433 sed
2012 5367 2123 5432 rident
2147 5367 2251 5433 risum
2278 5366 2493 5435 Sardorum

474 5447 646 5519 occultunt
667 5460 760 5521 const
779 5471 903 5521 nemea
920 5453 969 5521 nie
989 5474 1025 5522 aa
1045 5472 1140 5543 mare
1159 5465 1337 5523 manuum.
1392 5449 1461 5521 elit
1511 5452 1615 5521 Risus
1636 5452 1834 5534 Sardontus,
1855 5463 1908 5520 est
1927 5454 2032 5521 rictus
2050 5454 2137 5535 oris,
2180 5475 2225 5520 uo
2247 5451 2401 5520 homiues
2422 5472 2496 5521 mo·

473 5535 684 5624 Asphaltites
706 5539 876 5610 deducuut
899 5542 944 5609 ah
965 5538 1132 5627 ἄσφαλτος,
1153 5539 1281 5626 idest,
1302 5541 1461 5607 strumen.
1511 5540 1651 5607 riuutur.
1694 5539 1805 5607 Habet
1824 5560 1945 5607 nomeu
1966 5560 1988 5606 a
2009 5539 2139 5606 Sardoa
2190 5541 2283 5607 erba-
2324 5537 2389 5606 Est
2415 5556 2497 5627 spe·

473 5623 1461 5717 oseaeunaaupoctmtatefisptmqmuuypbou
1512 5623 2497 5725 cia-rmuucultnmmemmmemmm
