5934 6709
468 711 536 780 aro
750 645 752 648 ’
1149 700 1372 770 rossum
1403 700 1806 769 uananruoumun.
2239 676 2249 697 '
2423 697 2491 767 aso

388 944 401 975 .
464 899 525 966 luit
545 898 658 965 iacere
676 897 915 963 ordinationem
932 894 1067 973 bonam,
1088 890 1184 959 Deus
1202 903 1313 957 tamen
1330 891 1454 957 iudicat
1506 910 1593 978 quac
1625 887 1736 955 adhuc
1767 891 1876 955 minus
1913 891 2122 955 miseriarum
2154 900 2292 974 experta
2324 898 2388 954 est.
2444 892 2494 958 lat

466 1006 544 1053 esse
565 996 755 1073 peccatum3
789 983 867 1067 qnia
898 977 958 1044 illa
987 1000 1044 1044 res
1074 991 1126 1043 est
1154 990 1228 1043 orta
1254 975 1311 1043 vel
1332 996 1375 1044 ex
1397 997 1453 1043 su·
1505 980 1587 1043 noch
1606 980 1794 1060 freudeer,
1827 979 1958 1056 wilder,
1996 979 2112 1058 raher,
2144 981 2282 1059 spotsirt
2313 979 2395 1042 noch
2428 997 2492 1044 con

466 1074 602 1157 perbia,
635 1067 689 1135 vel
720 1090 760 1134 aa
784 1065 978 1133 diffidentia.
1028 1063 1179 1151 Populus
1207 1061 1357 1149 postulat
1388 1065 1453 1129 sibi
1504 1066 1707 1129 Hierusalem
1725 1082 1830 1144 papea
1850 1065 2020 1129 Hiericho:
2046 1082 2244 1148 quamquam
2266 1081 2367 1126 senes
2390 1064 2492 1129 etiam

466 1159 536 1225 dari
559 1157 697 1242 Regem.
756 1154 791 1218 ld
823 1174 979 1239 magnum
1012 1163 1187 1237 peccatum
1210 1160 1280 1229 est,
1314 1151 1391 1235 quia
1419 1151 1451 1214 in
1504 1151 1650 1213 sentiunt
1682 1151 1790 1235 magis
1823 1160 1962 1232 peccata
2000 1159 2117 1213 contm
2155 1148 2292 1231 primam
2329 1146 2488 1229 tabulam,

465 1248 530 1310 isto
555 1240 689 1327 populo,
714 1241 768 1327 qm
791 1241 972 1325 regebatur
993 1240 1097 1302 verbo
1116 1236 1192 1315 Dei,
1215 1256 1282 1300 non
1304 1233 1366 1300 suit
1383 1258 1452 1301 mu·
1503 1231 1621 1321 lapsus
1644 1231 1857 1314 diffidentiae,
1881 1236 2068 1321 superbiae,
2090 1234 2290 1299 securitatis.
2319 1234 2321 1239 ’

373 1354 380 1373 ,·
465 1330 566 1394 tanda
594 1330 703 1394 i'orrua
732 1328 858 1412 imperii
883 1325 1037 1390 divinitus
1071 1324 1222 1390 instituta
1255 1322 1328 1386 sine
1361 1343 1452 1386 man·
1590 1319 1650 1385 ille
1672 1318 1874 1385 Pharisaeus
1896 1321 2078 1404 respondet
2100 1322 2142 1386 de
2164 1319 2274 1406 Lege,
2302 1323 2373 1386 aad
2391 1328 2491 1389 oeus

466 1417 543 1483 dato
569 1412 643 1480 Dei.
1503 1408 1593 1472 uiolet
1612 1409 1711 1489 mehr,
1729 1409 1814 1472 donn
1837 1408 1879 1471 de
1896 1404 1984 1493 lege,
2010 1406 2113 1471 babet
2141 1406 2365 1492 phantasiam,
2397 1408 2493 1493 quod

553 1500 587 1564 ln
611 1521 752 1564 suniam:
780 1494 882 1561 Nulla
902 1505 1022 1561 natura
1046 1506 1158 1560 creata
1180 1503 1292 1577 potest
1325 1495 1451 1580 magni·
1503 1488 1602 1558 bomo
1626 1495 1670 1557 sit
1690 1496 1798 1557 iustus
1819 1491 1905 1578 lege.
1956 1490 2111 1558 Christus
2133 1493 2316 1576 respondet
2343 1494 2388 1558 ei:
2421 1496 2493 1561 Hoc

465 1588 610 1654 tudinem
645 1585 773 1669 peccati
806 1580 1014 1669 intelligere,
1048 1600 1157 1667 neque
1182 1576 1312 1667 angeli,
1341 1598 1451 1664 neque
1497 1575 1558 1659 jac
1579 1588 1614 1645 et
1632 1582 1736 1660 οἵως
1758 1591 1790 1642 et
1813 1591 1922 1643 tamen
1944 1590 2060 1662 postea
2085 1580 2251 1643 concinnit
2278 1598 2370 1658 eum,
2399 1578 2492 1664 quod

464 1672 615 1739 homines
623 1695 631 1754 3
673 1673 750 1756 quia
789 1679 963 1755 peccatum
995 1679 1049 1731 cst
1082 1666 1238 1753 quiddam
1275 1665 1449 1744 inlinitum,
1502 1683 1570 1728 non
1603 1661 1715 1731 saciat.
1771 1665 1847 1729 Non
1881 1685 2037 1750 quaeram
2065 1686 2187 1729 trovam
2220 1664 2491 1749 explicationem:

466 1760 596 1823 ratione
638 1758 768 1822 obiecti.
831 1754 892 1819 Est
931 1751 1066 1818 violatio
1108 1754 1257 1831 ordinis,
1303 1753 1359 1837 qui
1397 1760 1450 1817 est
1502 1750 1562 1814 sed
1581 1751 1632 1814 sie
1654 1750 1745 1815 dico:
1769 1749 1829 1814 Est
1851 1751 1973 1815 dictum
1996 1750 2171 1816 ironicum.
2215 1750 2323 1816 ironia
2345 1771 2413 1816 non
2436 1763 2492 1817 est

467 1846 629 1932 sapientia
676 1854 709 1907 et
753 1842 878 1907 iustitia
917 1837 1005 1916 Dei3
1048 1841 1124 1905 ideo
1166 1835 1310 1903 violatur
1357 1837 1451 1902 Deus
1502 1834 1602 1919 plane
1619 1838 1665 1912 id,
1687 1837 1778 1921 quod
1801 1857 1962 1902 vocamus
1985 1836 2195 1917 derisionem,
2217 1839 2279 1901 sed
2302 1850 2354 1902 est
2374 1857 2489 1923 repre·

464 1935 547 2017 ipse.
592 1929 691 2003 Quod
714 1936 823 1993 autern
847 1925 1038 2013 magnitudo
1071 1925 1202 2011 pcccati
1235 1944 1301 1989 non
1331 1921 1451 1988 intelli·
1503 1923 1622 1986 hensio
1644 1924 1802 2007 iigurata:
1835 1927 1873 1989 Ia
1893 1924 1969 1988 enne
1990 1943 2044 1989 es:
2077 1924 2174 2009 quasi
2197 1924 2295 2001 dicat,
2331 1923 2369 1988 Si
2389 1943 2487 1988 esses

466 2029 576 2105 gutur,
599 2016 676 2080 inde
697 2011 909 2078 manifestum
942 2022 1012 2090 est,
1045 2012 1135 2097 qnod
1167 2031 1234 2076 non
1256 2010 1450 2095 expavesci-
1502 2005 1592 2087 talia,
1615 2009 1763 2074 viveres:
1786 2010 1818 2073 id
1841 2021 1906 2087 est,
1925 2007 1975 2074 Tu
1993 2029 2060 2073 non
2083 2031 2121 2074 es
2145 2006 2232 2088 talis,
2255 2021 2289 2073 et
2310 2020 2491 2095 propterea

465 2123 551 2180 mus,
576 2112 612 2165 nt
634 2100 820 2186 oportebat.
855 2098 891 2164 st
913 2117 978 2163 nos
1001 2093 1360 2182 comprehenderemus
1382 2115 1451 2160 ma·
1502 2114 1569 2159 non
1592 2096 1695 2173 vivis,
1728 2106 1762 2159 et
1784 2115 1970 2180 oppressus
2003 2108 2143 2181 peccato
2177 2108 2211 2160 et
2237 2106 2359 2160 montet
2395 2107 2430 2161 et
2458 2096 2492 2161 si

447 2194 451 2201 '
490 2190 670 2253 nitudinem
694 2186 834 2272 peccati,
855 2195 976 2249 natura
1005 2185 1038 2247 in
1067 2179 1203 2249 nibilum
1230 2183 1447 2270 redigeretur.
1501 2199 1569 2245 non
1587 2180 1729 2246 habebis
1747 2179 1845 2247 aliam
1868 2178 1988 2260 lucem,
2010 2183 2160 2246 marrabis
2176 2182 2210 2246 in
2229 2192 2347 2261 morte,
2368 2194 2402 2247 ct
2424 2183 2491 2248 iam
2545 2190 2551 2201 ’·

464 2210 597 2341 Deinde
631 2284 665 2337 ct
697 2271 890 2357 magnitudo
912 2270 1066 2336 victimae
1105 2270 1251 2334 ostendit
1278 2290 1348 2333 rem
1371 2287 1450 2333 esse
1502 2286 1540 2330 es
1569 2267 1763 2347 damnatus,
1796 2280 1833 2332 ut
1854 2265 1933 2332 aiibi
1961 2268 2101 2333 dicitur:
2140 2270 2201 2345 Oret
2226 2287 2290 2334 raon
2315 2272 2423 2334 credit
2452 2271 2491 2334 in

464 2358 680 2437 ineffabilem,
713 2368 900 2443 peccatum.
957 2354 1043 2430 Quia
1076 2355 1163 2422 enim
1185 2353 1288 2420 Filius
1311 2354 1375 2419 Dei
1397 2365 1450 2420 est
1502 2355 1635 2433 Filium,
1664 2357 1995 2420 canescentem.
2051 2354 2122 2419 Lex
2155 2356 2220 2419 iam
2254 2356 2492 2421 condemnavit

465 2447 663 2513 constitutus
675 2442 850 2521 Mediator,
872 2461 1013 2508 necesse
1026 2454 1079 2507 cst
1096 2460 1173 2506 esse
1184 2443 1302 2528 ingens
1313 2437 1448 2520 malum,
1502 2460 1576 2504 nos.
1633 2441 1758 2504 Omnes
1794 2460 1910 2506 sumus
1944 2439 2172 2520 condemnati,
2206 2440 2269 2504 nisi
2307 2438 2492 2507 liberemur

464 2555 486 2598 a
507 2552 573 2618 quo
596 2516 728 2596 liberati
752 2549 878 2595 sumus.
933 2527 977 2593 Et
998 2538 1051 2592 cst
1078 2528 1198 2614 ingens
1231 2540 1265 2593 et
1296 2538 1383 2594 tetra
1404 2527 1449 2590 in·
1502 2544 1562 2611 per
1584 2523 1703 2590 Filium
1714 2524 1791 2592 Dei.
1820 2526 1888 2590 Sed
1905 2523 1962 2589 illa
1982 2546 2050 2592 non
2072 2523 2145 2591 vult
2165 2527 2268 2591 videri
2292 2528 2491 2594 convictus:

466 2619 572 2696 sauia,
590 2619 680 2702 quod
703 2614 805 2701 aliqui
826 2614 956 2701 fingunt
977 2634 1016 2680 se
1038 2634 1116 2679 esse
1133 2614 1242 2679 iustos
1264 2611 1354 2701 lege,
1378 2615 1451 2678 siva
1501 2612 1577 2677 ideo
1599 2612 1692 2677 dicit:
1730 2616 1808 2691 Quis
1829 2622 1881 2679 est
1901 2615 2073 2701 prosim
2101 2614 2212 2679 ruens?
2257 2610 2338 2678 Vult
2360 2614 2489 2679 dicerer

464 2708 531 2769 sint
554 2703 738 2781 Pharisaei,
767 2721 835 2766 non
857 2701 982 2780 renati,
1011 2702 1085 2766 sive
1117 2701 1214 2764 etiam
1237 2701 1364 2779 renati,
1418 2698 1451 2763 ni
1502 2697 1604 2765 Certe
1629 2719 1697 2764 non
1733 2701 1840 2764 debeo
1868 2719 1985 2764 omnes
2009 2697 2158 2786 diligere.
2213 2695 2332 2764 Debeo
2354 2697 2489 2786 aliquos

464 2792 590 2855 habent
610 2783 668 2853 ilia
701 2785 803 2853 stulta
822 2787 966 2860 somnia,
1000 2805 1039 2851 se
1072 2805 1150 2851 esse
1182 2798 1321 2872 propter
1348 2719 1450 2871 quilii·
1502 2785 1625 2850 odisse.
1670 2784 1719 2851 lta
1740 2787 1851 2873 arguit
1873 2797 1991 2850 contra
2013 2785 2154 2871 Legemz
2183 2787 2250 2851 Wie
2270 2806 2347 2851 mon
2359 2792 2492 2871 pflepet,

464 2888 551 2941 tates
574 2893 683 2940 rroeas
705 2874 825 2938 iustos.
869 2874 941 2939 Aah
958 2893 995 2939 er
1015 2880 1061 2939 tat
1075 2893 1139 2954 aar
1160 2879 1213 2937 ein
1235 2876 1340 2939 ander
1360 2874 1449 2953 dinc·
1501 2891 1594 2938 wana
1614 2890 1691 2936 mon
1712 2872 1803 2938 nube
1823 2876 1888 2939 aaa
1908 2878 1962 2938 ein
1979 2874 2058 2954 dine
2074 2875 2182 2950 thuen,
2205 2890 2244 2937 sn
2263 2881 2395 2954 metm
2412 2891 2493 2941 man

464 2962 538 3027 Nos
561 2980 677 3026 sumus
700 2960 774 3026 iusti
797 2970 934 3044 propter
955 2961 1107 3025 meritum
1129 2956 1188 3023 lilii
1215 2958 1450 3025 intercedentis
1501 2960 1565 3024 ciel
1583 2960 1740 3024 Micider.
1775 2957 1876 3023 Scitis
1899 2959 2022 3024 dictum
2040 2956 2204 3044 Agesilai,
2226 2957 2260 3021 ro*
2283 2966 2350 3021 stur
2371 2956 2492 3023 δίκαιον

466 3048 554 3133 apud
572 3058 740 3112 aetermam
763 3044 911 3110 Patrem:
940 3064 1008 3110 non
1029 3054 1167 3130 propter
1187 3045 1450 3122 renovationem,
1500 3043 1656 3131 πρόφασίς
1673 3049 1745 3110 ἐστι.
1790 3043 1957 3111 Subtilitas
1978 3051 2062 3121 turta
2078 3055 2130 3111 est
2148 3053 2347 3130 praetextus.
2390 3047 2490 3112 Wenn

466 3130 520 3199 val
542 3133 683 3198 virtutes
705 3144 851 3197 nostras.
904 3134 975 3198 Wer
1002 3134 1126 3196 eadm
1149 3141 1233 3217 sapt,
1268 3135 1330 3197 der
1358 3131 1452 3195 wass
1501 3149 1576 3197 mon
1602 3134 1664 3196 ciel
1693 3133 1850 3214 drapum!
1875 3142 1992 3196 contra
2012 3130 2157 3218 Legem,
2192 3138 2251 3197 ists
2280 3130 2368 3196 nicht
2394 3130 2488 3196 dmm

464 3221 528 3292 nit,
555 3239 625 3287 roua
652 3239 689 3284 cr
718 3228 799 3299 aaut·
857 3214 1011 3283 Psalmus
1043 3217 1170 3303 inquit:
1205 3220 1279 3286 Non
1300 3219 1452 3299 iustifica-
1502 3219 1594 3303 quod
1616 3213 1757 3282 velimus
1778 3213 1916 3282 eludere
1936 3218 2072 3303 Legem.
2105 3215 2170 3291 Qui
2190 3215 2330 3283 libenter
2346 3215 2491 3303 rixatur,

464 3308 551 3373 Μίαν
572 3312 607 3371 in
629 3314 804 3388 conspectu
826 3313 881 3371 tuo
902 3305 1007 3370 omaus
1026 3311 1146 3370 circas.
1502 3305 1635 3390 quaerit
1667 3314 1798 3371 tantum
1822 3303 2024 3381 elusionem,
2056 3325 2124 3370 non
2147 3304 2278 3390 quaerit
2305 3299 2492 3389 simplicem

556 3392 682 3457 Postea
702 3393 834 3469 videta,
867 3401 992 3475 quanta
1018 3390 1061 3453 sit
1094 3390 1137 3454 de
1164 3388 1353 3467 ordinatio,
1390 3407 1452 3454 seu
1503 3391 1685 3457 verimem.
1796 3431 1798 3434 -

466 3475 576 3555 ἀταξία
599 3479 632 3540 in
654 3488 775 3542 natura
794 3474 939 3541 hominis
960 3477 993 3538 in
1017 3476 1143 3538 crassis
1165 3475 1328 3558 peccatis,
1361 3475 1395 3537 in
1416 3471 1452 3537 li·
1591 3475 1744 3543 Christus
1767 3472 1891 3544 refutat
1908 3487 2010 3542 totam
2027 3474 2117 3541 iliius
2135 3475 2358 3562 phantasiam,
2385 3486 2493 3541 totam

466 3563 646 3639 bidinibus,
675 3564 708 3624 in
732 3561 901 3626 amoribus
924 3560 1129 3639 inordinatis,
1163 3562 1197 3623 in
1232 3555 1385 3645 crapula,
1414 3563 1453 3627 ln
1504 3564 1782 3649 imaginationem,
1805 3574 1839 3629 ct
1859 3565 1968 3639 docet,
1991 3563 2066 3648 quis
2089 3566 2133 3627 sit
2151 3563 2334 3648 proximus.
2377 3560 2493 3628 Docet

465 3650 540 3712 άειη
571 3649 743 3732 uufletiqen
775 3667 890 3712 waren.
933 3644 1074 3724 Videte,
1131 3655 1266 3712 uantum
1296 3646 1338 3709 sit
1370 3646 1453 3710 iniu·
1504 3670 1591 3727 eum,
1622 3650 1711 3734 quod
1743 3668 1854 3734 neque
1885 3647 1996 3735 legem
2019 3647 2202 3735 intelligat,
2234 3668 2345 3734 neque
2376 3645 2491 3737 legem

468 3745 595 3796 storum
623 3730 805 3810 bellorum,
838 3743 872 3795 ct
905 3732 1065 3797 caedium.
1107 3669 1201 3797 (hem
1222 3742 1383 3817 quantum
1409 3733 1454 3796 sit
1503 3732 1615 3814 faciat,
1638 3753 1747 3820 neque
1768 3737 1866 3813 sciat,
1888 3739 1963 3820 quis
1985 3736 2028 3799 sit
2051 3736 2296 3821 proxinius;.id
2318 3745 2381 3814 est,
2411 3755 2492 3799 con·

467 3838 654 3895 usurarum,
677 3818 909 3899 deceptionum
921 3819 954 3882 in
973 3819 1211 3897 contractibus,
1234 3820 1290 3883 ubi
1304 3838 1371 3883 non
1383 3837 1452 3883 ser·
1503 3823 1718 3898 vinditcam,
1750 3822 1839 3905 quod
1863 3841 1971 3907 neque
2005 3819 2117 3907 diligat
2141 3820 2261 3900 Deum,
2297 3840 2407 3907 neque
2429 3820 2493 3885 bo·

466 3914 565 3968 vatur
586 3899 783 3987 aequalitas.
840 3902 923 3975 Quis
956 3914 1010 3968 est
1042 3907 1152 3969 omnio
1183 3905 1325 3968 omnium
1349 3904 1453 3973 homi·
1503 3909 1634 3972 minem.
1678 3904 1803 3972 Postea
1826 3909 1979 3994 proponit
2002 3907 2094 3973 iilam
2121 3905 2376 3992 pulcherrimam
2398 3907 2492 3973 sirni-

467 4008 557 4066 num,
592 3991 648 4073 qni
681 4008 748 4052 non
782 3985 905 4052 habent
936 3987 1016 4054 talia
1044 3986 1157 4075 aliqua
1179 4002 1334 4074 peccate,
1368 4010 1453 4075 quaa
1503 3993 1687 4060 litudinem.

468 4076 578 4139 omnia
602 4071 926 4160 comprehenduntur
948 4078 980 4139 in
1010 4073 1077 4139 hoa
1100 4075 1206 4140 dicto:
1233 4077 1358 4142 Seruus
1378 4097 1453 4142 eur·
1707 4087 1710 4093 '

467 4163 521 4228 nir
543 4163 712 4227 inimicitia
733 4169 785 4227 est
808 4161 963 4227 odram
984 4164 1093 4228 Deam
1145 4161 1243 4225 item:
1273 4160 1339 4227 Gor
1355 4165 1453 4228 homi-

467 4249 520 4312 nis
543 4267 733 4331 paoersum
755 4253 812 4315 est.
871 4248 996 4313 Postea
1027 4246 1119 4311 addit
1147 4247 1323 4315 Ieremias:
1357 4267 1454 4314 uetu-

467 4352 624 4398 mncsumt
659 4336 691 4398 id
713 4346 783 4413 est,
808 4330 941 4421 fugiens
963 4331 1084 4400 Deum.
1128 4332 1454 4408 QuandoDensin·
1503 4327 1584 4410 De
1629 4328 1924 4439 parabola
1973 4326 2170 4410 saucii
2213 4327 2492 4435 viatoris,

470 4417 549 4502 cipit
581 4419 738 4499 iudicare,
771 4418 872 4485 homo
893 4419 990 4502 lngit,
1021 4419 1143 4502 fremit,
1177 4421 1334 4487 irascitur
1365 4417 1453 4500 Deo,
1492 4434 1498 4452 ⁰
1836 4481 1845 4500 ,
2163 4482 2172 4500 .
2451 4430 2455 4437 ’

470 4515 503 4569 et
525 4505 571 4567 ita
594 4502 803 4570 cumulantur
832 4518 990 4590 peccata,
1024 4520 1056 4572 ct
1079 4506 1115 4573 fit
1141 4515 1315 4594 peecatum
1346 4503 1453 4573 excel·
1655 4495 1849 4565 aurati
1884 4512 1910 4566 a
1947 4480 2336 4568 Samarrtano.

470 4587 579 4656 lenter
600 4610 692 4654 reum
715 4610 774 4675 per
790 4591 923 4677 Legem.

558 4678 625 4741 ista
657 4685 789 4761 oportet
824 4678 1041 4743 considerari.
1101 4678 1259 4746 iuventus
1292 4700 1367 4761 mae
1400 4699 1455 4744 orn
1590 4685 1693 4748 Homo
1724 4685 1856 4769 madiam
1893 4685 2060 4748 descendit
2097 4704 2143 4750 es
2183 4686 2411 4767 Hierosolymo
2447 4684 2498 4750 aa

468 4771 577 4829 meten
599 4760 805 4849 spemdative
827 4764 953 4829 ‹larcon
977 4769 1077 4829 etwas
1100 4769 1223 4832 tanen.
1285 4764 1347 4844 Ut,
1381 4764 1454 4831 Nos
1504 4765 1673 4850 Hiericho,
1705 4770 1818 4856 inquit.
1876 4768 1944 4834 Gur
1976 4768 2077 4833 dicit:
2110 4769 2310 4837 Descendit?
2362 4766 2495 4836 Tamen

468 4869 534 4914 non
556 4868 664 4914 suranae
696 4851 777 4916 tracti
806 4853 905 4930 Lena:
936 4853 1003 4915 Per
1024 4854 1123 4935 tepent
1155 4854 1278 4934 agnitio
1308 4854 1455 4934 peccat:
1504 4851 1739 4941 Hierosolyma
1771 4858 1836 4920 sita
1858 4850 1919 4919 suit
1945 4855 2053 4942 magis
2085 4876 2207 4921 versus
2240 4856 2423 4934 meridiem,
2458 4866 2496 4922 et

468 4938 541 5001 Lea
558 4936 689 5014 occidit,
723 4939 793 5001 Les
823 4938 909 5001 iram
941 4943 1115 5021 operatum
1155 4939 1232 5023 quia
1263 4935 1350 5001 baec
1376 4949 1455 5003 sunt
1505 4942 1685 5006 occasum?
1751 4941 1963 5025 Respondeo.
2026 4940 2235 5007 Hierusalem
2271 4964 2292 5008 a
2331 4939 2495 5009 Hiericho

469 5018 631 5087 elementa
669 5025 861 5087 necessaria
895 5025 1059 5089 omnibus.
1116 5024 1183 5088 Sed
1216 5021 1280 5101 illi,
1314 5041 1454 5109 quorum
1505 5027 1568 5089 sita
1590 5026 2010 5093 estcirciter·5miiia1·ia.
2056 5027 2144 5094 Dicit
2171 5040 2281 5094 autem
2302 5031 2497 5098 descendit:

468 5117 563 5173 aetas
586 5119 639 5171 est
673 5110 847 5192 grandior,
882 5110 938 5196 qui
970 5112 1034 5174 iam
1069 5105 1309 5196 aliquantulum
1343 5109 1455 5174 domiti
1505 5113 1583 5195 quia
1603 5110 1824 5181 'Hierusalem
1855 5112 1916 5181 luit
1944 5117 2007 5179 sita
2039 5116 2072 5178 in
2100 5124 2230 5193 monte,
2263 5113 2422 5181 Hiericho
2456 5115 2496 5180 in

470 5206 559 5264 sarrit,
582 5204 618 5256 nt
640 5193 718 5258 dicit
730 5193 911 5282 Prophetas
934 5200 1107 5279 Postquam
1118 5202 1287 5280 castigasti
1300 5215 1352 5262 me
1372 5203 1456 5263 simet
1505 5195 1657 5281 planitie,
1691 5202 1724 5265 in
1756 5198 1979 5286 pulcherrima
2011 5198 2100 5266 valle
2137 5202 2238 5265 totius
2264 5201 2357 5266 orbis
2384 5213 2494 5266 terra·

468 5284 675 5360 turmarum,
702 5291 854 5364 perorasse·
871 5290 983 5367 femur
1003 5292 1126 5361 areum,
1159 5294 1193 5349 et
1211 5289 1328 5366 opacat·
1340 5302 1454 5367 pecca·
1504 5303 1591 5349 rum:
1627 5287 1714 5351 sicut
1747 5288 1845 5352 etiam
1879 5286 2002 5351 Strabo
2036 5287 2130 5353 dicit:
2168 5290 2245 5372 quia
2276 5289 2322 5354 ibi
2356 5284 2494 5353 inerunt

469 5378 545 5434 tam
591 5365 686 5429 item:
710 5371 847 5447 Bonum,
873 5371 958 5451 mind
976 5371 1156 5436 humiliasti
1174 5390 1240 5447 me,
1272 5379 1310 5435 ut
1334 5372 1454 5435 discam
1505 5367 1594 5434 horti
1618 5369 1769 5437 balsami.
1812 5371 1854 5437 Et
1876 5372 2077 5438 vocabulum
2102 5375 2267 5457 Hiericho,
2289 5393 2493 5460 quamquam

468 5453 709 5533 artificatr‘ones
730 5464 811 5520 tatas.
868 5454 1017 5527 Quorum
1044 5475 1127 5543 ergo
1155 5466 1250 5521 aetas
1281 5466 1334 5520 cst
1356 5476 1455 5542 gran·
1505 5457 1602 5522 ctiam
1624 5463 1734 5525 lunam
1756 5456 1934 5544 significat,
1970 5472 2079 5524 tamen
2107 5470 2141 5523 et
2169 5463 2296 5526 odorem
2323 5479 2386 5525 seu
2414 5454 2493 5541 sra-

468 5540 558 5618 dior,
593 5540 705 5624 etqui
738 5552 817 5605 sunt
839 5540 951 5606 domiti
972 5539 1084 5627 aliquo
1107 5543 1218 5622 modo,
1250 5543 1305 5606 isti
1337 5540 1454 5608 melius
1501 5550 1667 5622 arantium
1688 5547 1874 5632 signiiicatt
1896 5547 1974 5630 quia
1994 5547 2039 5612 ibi
2060 5541 2195 5611 fuerunt
2216 5546 2304 5610 horti
2334 5543 2492 5627 balsami,

437 5633 610 5715 ‚possunt
632 5625 782 5712 cogitare
803 5628 888 5692 istas
910 5628 1075 5708 miserias,
1097 5649 1196 5714 quam
1218 5629 1325 5716 prima
1346 5641 1454 5709 actas,
1505 5638 1539 5694 et
1564 5628 1742 5698 multorum
1773 5650 1885 5698 rerum
1918 5633 2126 5719 optimarum.
2179 5630 2224 5697 Et
2254 5651 2322 5698 nou
2353 5629 2493 5699 suerunt
