5934 6709
469 687 535 757 ddi
1108 685 1220 754 Plllh.
1241 684 1346 754 Mllh.
1367 683 1557 754 808le
1576 683 1842 753 EXEGEthA.
2425 680 2494 749 &28

470 875 1454 958 trrscmrmmae,ohreeartmeserpraecerotrattradaaa,
1479 874 1484 929 l
1508 873 1657 952 divinae,
1688 874 1780 938 iuxta
1803 874 1940 938 dictum:
1973 876 2074 940 Pater
2095 881 2145 940 ert
2166 881 2201 939 tn
2222 892 2289 955 me,
2322 881 2358 939 et
2375 891 2436 955 eqo
2457 879 2495 941 ιιι

472 973 528 1050 pai
547 965 655 1047 patuit
679 969 782 1044 ιἰιειιιιι
810 981 942 1027 seruare
964 970 1137 1038 earuorte,
1159 971 1193 1027 et
1212 964 1386 1027 ecmrdttrte
1407 966 1457 1026 eet
1505 969 1609 1043 putre.
1664 957 1714 1023 'l'rr
1736 955 1836 1023 tolles
1864 972 2021 1038 mortem,
2054 971 2087 1023 et
2119 959 2242 1025 reddes
2268 958 2381 1025 vitam.
2432 954 2495 1025 tha

471 1060 609 1137 propter
630 1049 844 1113 reuerentiam
865 1068 975 1130 ruam,
1007 1045 1068 1111 aina*
1090 1048 1142 1126 τῆς
1164 1045 1339 1130 εὐλαβείας,
1372 1050 1459 1131 quad
1507 1055 1586 1110 suut
1608 1044 1739 1109 divinae
1761 1047 1937 1130 potentiae.
1981 1040 2104 1128 Garrire
2131 1047 2150 1112 't
2170 1053 2205 1113 ta
2225 1044 2279 1111 dte
2301 1051 2373 1112 trae
2392 1065 2494 1112 suaet

474 1142 576 1204 Darem
598 1137 806 1200 reverebatur
834 1142 867 1198 et
887 1140 919 1198 et
938 1135 1113 1200 abedtebat.
1157 1131 1220 1199 tut
1241 1134 1375 1218 ponitur
1392 1154 1453 1216 pro
1507 1132 1541 1194 id
1563 1141 1617 1194 ost
1637 1131 1773 1214 imperia
1789 1132 1902 1196 mundi
1924 1132 2082 1199 resistent
2127 1151 2188 1209 εει
2210 1127 2492 1197 resisteutEvan·

471 1231 619 1309 propter,
650 1241 742 1283 ruore
766 1217 1011 1298 Hebraeorum,
1035 1218 1122 1305 apud
1147 1238 1232 1304 quos
1251 1220 1455 1304 praepositio
1507 1213 1609 1302 gelio,
1631 1218 1693 1282 sed
1706 1215 1860 1282 Christus
1883 1218 1994 1283 vincet
2015 1230 2047 1281 et
2070 1218 2220 1284 destruet
2243 1213 2310 1283 illa.
2344 1216 2497 1301 raptata

473 1314 541 1377 Min
564 1327 667 1390 saepe
689 1318 742 1369 est
764 1302 938 1369 caussalis.
970 1305 1046 1390 lpse
1068 1304 1169 1369 habet
1190 1306 1455 1390 promissionem,
1507 1310 1635 1383 ruinas]
1656 1302 1771 1380 idest,
1793 1298 1893 1367 saciet
1914 1323 2055 1453 magnos
2080 1303 2232 1369 cumulos
2261 1300 2317 1369 rel
2344 1322 2492 1370 aceruos

475 1394 565 1481 quod
588 1391 792 1456 exaudiatur.
846 1390 932 1456 llinc
965 1392 1103 1470 videris,
1135 1404 1261 1475 quanta
1288 1386 1387 1458 fuerit
1409 1391 1455 1454 in·
1509 1389 1718 1471 cadaverum,
1741 1390 1772 1452 id
1796 1400 1859 1467 est,
1884 1390 1969 1453 inter
1995 1390 2058 1453 ciet
2081 1389 2243 1454 inimicos.

474 1479 572 1546 scitia
595 1477 806 1556 ludaeorum,
838 1477 929 1564 quod
951 1472 1008 1542 illa
1035 1498 1102 1541 uon
1126 1473 1369 1555 intellexerant,
1391 1475 1455 1540 imo
1594 1477 1758 1540 Ρειίιιιιει
1775 1483 1884 1558 capita
1904 1477 1940 1541 in
1954 1484 2047 1541 terra
2068 1477 2254 1557 rnultorrrru]
2275 1475 2308 1539 id
2331 1485 2396 1553 est,
2419 1475 2494 1541 sivo

475 1566 758 1649 depravaverunt,
815 1563 868 1628 uia
889 1563 1041 1628 dixerunt
1072 1559 1165 1627 illurn
1185 1559 1354 1627 Psalmma
1377 1583 1456 1626 con·
1509 1559 1647 1644 imperia
1686 1562 1898 1626 adversantia
1937 1558 2142 1648 Evangelio,
2181 1564 2254 1627 sive
2286 1558 2493 1626 Romanum:

476 1650 602 1717 cionari
631 1649 672 1714 de
701 1649 754 1714 Ah
878 1695 889 1730 ,
923 1664 957 1714 ει
983 1649 1130 1734 promitti
1163 1650 1192 1713 ei
1226 1647 1456 1713 Sacerdotium
1508 1647 1595 1712 sicut
1622 1643 1723 1731 aliqui
1752 1644 2006 1723 intellexerunt3
2038 1648 2099 1712 sed
2133 1659 2245 1732 potest
2278 1644 2420 1733 intelligi
2451 1647 2494 1713 de

474 1736 670 1802 Leviticum.
1509 1731 1612 1817 Papa,
1634 1730 1754 1811 Turca,
1784 1746 1816 1797 ει
1839 1734 1992 1798 omuibus
2013 1733 2270 1798 adversantibus
2293 1729 2492 1819 Evangelio.

566 1826 611 1887 Tu
639 1842 675 1887 cs
696 1823 851 1887 sacerdos
871 1821 906 1885 irr
929 1827 1117 1900 aeteram]
1163 1819 1198 1883 Si
1220 1833 1273 1884 εει
1295 1818 1456 1884 sacerdos
1508 1815 1651 1882 Messias
1667 1818 1817 1884 destruet
1831 1819 1968 1903 imperia
1982 1820 2107 1897 mundi,
2130 1831 2163 1883 ει
2187 1820 2369 1883 constituet
2386 1830 2491 1885 aeter·

476 1918 649 1975 aeternus:
683 1927 764 1994 ergo
799 1908 860 1972 erit
893 1905 964 1970 eius
991 1904 1134 1991 populus
1168 1917 1340 1971 aeternus:
1374 1924 1456 1990 ergo
1511 1925 1587 1968 rrum
1612 1923 1762 1990 regnum.
1807 1903 1861 1970 De
1881 1912 2025 1971 torrem
2047 1912 2081 1971 tn
2110 1910 2162 1971 rin
2189 1907 2296 1986 ittet]
2341 1903 2404 1970 Est
2426 1926 2494 1969 me·

477 1995 539 2060 erit
562 1995 630 2058 vita
652 2005 800 2057 aeterna.
854 1991 1036 2056 Aeternum
1069 1993 1312 2068 sacerdotium,
1342 2004 1376 2056 et
1397 2011 1457 2075 po·
1510 1988 1670 2075 taphora3
1701 1991 1734 2054 id
1764 2004 1833 2068 est,
1866 1993 2054 2075 experietur
2087 2002 2237 2056 mortem.
2287 1989 2377 2074 lpse·
2398 1990 2492 2056 dreit:

501 2079 576 2145 ulus
611 2090 766 2144 aeternus
800 2078 924 2143 hahent
956 2098 995 2142 se
1028 2074 1238 2142 correlative.
1295 2077 1369 2141 Non
1404 2088 1458 2141 est
1509 2079 1593 2142 ditm
1608 2083 1748 2159 potesta
1768 2078 2024 2159 dtberecattcenr,
2047 2079 2352 2161 quemepabtdom?
2372 2075 2491 2143 Bihetr

475 2100 644 2243 Ecclesia,
670 2165 733 2227 nisi
755 2165 839 2228 certi
860 2164 1067 2240 sacerdotis;
1089 2176 1122 2228 ει
1134 2184 1202 2228 non
1220 2163 1458 2239 estsacerdos,
1510 2161 1630 2240 idest,
1663 2163 1805 2245 patietur
1823 2175 1978 2240 mortem3
2011 2163 2165 2248 quando?
2207 2167 2247 2229 Ia
2268 2169 2337 2241 ria,
2369 2162 2492 2243 idest,

476 2252 542 2318 nisi
564 2262 676 2316 certae
697 2248 873 2315 Ecclesiae
895 2251 1070 2315 sacerdos.
1511 2247 1619 2312 donec
1659 2250 1692 2312 in
1725 2246 1926 2313 mortalitate
1963 2250 2172 2327 versabitur,
2216 2250 2278 2314 erit
2316 2249 2491 2316 subiectus

564 2337 745 2402 Scantiam
784 2338 932 2402 ordmeri
960 2335 1190 2414 Melchisedec]
1231 2333 1459 2399 Melchisedec
1535 2334 1657 2398 assiorri
1681 2347 1715 2398 et
1736 2336 1845 2399 morti.
1890 2333 1957 2399 Sed
1982 2345 2173 2419 propterea,
2202 2336 2234 2400 id
2258 2348 2329 2413 est,
2379 2346 2494 2420 raptor

476 2420 538 2489 luit
559 2437 697 2487 sauctus
721 2424 781 2494 vir,
804 2434 1007 2487 coaetaneus
1030 2418 1199 2500 Abrabae,
1219 2418 1282 2485 luit
1302 2433 1382 2485 ante
1402 2421 1459 2485 da·
1511 2355 1599 2484 llam
1622 2422 1812 2503 passionem
1835 2431 1868 2483 et
1889 2433 2037 2502 mortem,
2060 2433 2198 2506 propter
2219 2419 2308 2486 hanc
2336 2444 2357 2487 o
2405 2422 2492 2487 dieu·

477 2519 544 2575 tam
566 2505 688 2594 legem,
722 2504 783 2572 fuit
815 2530 874 2572 res
909 2507 1035 2585 iustus,
1067 2508 1102 2572 id
1124 2518 1193 2584 est,
1225 2504 1286 2571 tutr
1308 2526 1395 2571 unus
1417 2528 1458 2571 es
1512 2506 1602 2586 tiam,
1625 2507 1783 2572 ecatabtr
1801 2507 1975 2590 caput.].id
1999 2519 2062 2585 est,
2091 2520 2245 2593 resurget
2274 2519 2306 2571 et
2329 2508 2493 2594 reguabit.

478 2596 762 2683 gubernatoribus
785 2593 921 2660 summis
943 2594 977 2658 in
999 2590 1164 2671 Ecclesia,
1186 2605 1220 2656 ει
1243 2607 1293 2658 est
1317 2613 1458 2657 consen·
1513 2590 1580 2655 lsta
1602 2602 1654 2655 est
1677 2594 1844 2657 enarratio
1868 2613 1947 2657 vera
1970 2605 2002 2658 et
2025 2590 2175 2676 simplex.
2209 2593 2321 2659 ludaei
2344 2615 2493 2660 corrum-

477 2692 622 2758 taneum,
644 2680 732 2765 quod
755 2680 799 2741 sit
817 2679 895 2744 Sem
918 2677 1005 2743 filias
1028 2678 1159 2757 Nubae,
1188 2679 1259 2763 ipse
1281 2676 1459 2743 Melchise·
1511 2688 1605 2760 punt,
1625 2684 1675 2744 rte
1691 2682 1825 2745 arachen
1853 2682 1995 2746 darom:
2026 2678 2206 2745 Veniemus
2233 2681 2268 2743 in
2290 2679 2494 2766 Aegyptruu,

478 2768 553 2844 dec,
598 2766 631 2831 ui
655 2766 853 2830 describitur
874 2767 906 2827 in
926 2764 1064 2842 Genesi,
1085 2765 1139 2849 qui
1163 2765 1243 2828 vixit
1265 2784 1373 2828 annos
1395 2763 1460 2828 350
1512 2774 1545 2827 et
1564 2764 1714 2828 bibemus
1736 2764 1778 2828 de
1800 2761 1888 2830 Nilo.

477 2862 555 2939 post
575 2788 735 2916 diluvium
759 2871 833 2915 cunr
850 2848 960 2929 Noha,
984 2861 1077 2934 patre
1100 2870 1172 2914 suo.
1215 2847 1290 2915 Fuit
1310 2871 1459 2914 summus
1597 2847 1704 2915 'lotas
1727 2848 1883 2915 Psalnrus
1907 2862 1959 2915 est
1977 2852 2123 2916 narratio
2149 2853 2191 2916 de
2213 2849 2368 2930 Christo,
2405 2851 2493 2939 quod

478 2938 661 3014 sacerdos,
695 2956 842 3002 summus
877 2937 997 3001 doctor
1028 2947 1106 3021 post
1127 2935 1209 2999 Noe.
1264 2935 1342 3000 ideo
1370 2937 1460 3001 venit
1512 2935 1557 2998 sit
1573 2933 1676 3001 Filius
1709 2934 1792 3016 Dei,
1824 2938 1914 3023 quod
1948 2938 1992 3001 sit
2012 2934 2099 3017 Rex,
2156 2939 2220 3002 uod
2243 2939 2287 3002 sit
2305 2937 2495 3010 Sacerdosr

477 3020 650 3090 Abraham
661 3024 703 3087 ad
714 3044 802 3101 eum,
824 3033 857 3087 et
868 3022 946 3087 Sem
968 3023 1133 3087 benedicit
1155 3023 1195 3085 ei.
1229 3019 1386 3087 Christus
1409 3032 1461 3086 ast
1512 3021 1689 3107 requiritur
1721 3034 1832 3087 autem
1865 3020 2053 3108 applicatio.
2149 3043 2188 3087 os
2227 3022 2293 3088 lide
2332 3024 2493 3089 debemus

479 3108 643 3176 sacerdos
665 3110 847 3173 secandum
881 3109 1030 3173 ordinem
1054 3106 1300 3186 Melchisedec,
1332 3107 1364 3172 id
1395 3118 1458 3186 est,
1513 3118 1661 3172 statuere
1683 3106 1772 3174 hunc
1795 3107 1962 3174 Christum
1985 3109 2083 3174 nobis
2112 3130 2244 3196 quoque
2272 3129 2352 3175 esse
2374 3110 2492 3175 Sacer-

476 3217 546 3261 non
567 3197 750 3261 secuudum
767 3193 864 3275 chi3
887 3195 964 3280 quia
979 3191 1207 3259 Melchisedec
1229 3207 1280 3260 est
1298 3195 1460 3259 sacerdos
1513 3194 1636 3272 dotem,
1660 3207 1693 3258 ει
1715 3192 1808 3259 illmn
1832 3215 1944 3281 regem
1966 3196 2064 3260 nobis
2086 3216 2165 3260 esse
2187 3217 2323 3283 regem,
2356 3206 2392 3261 et
2414 3194 2493 3261 iidu·

477 3282 692 3348 benedioens.
736 3283 781 3347 Er
802 3286 845 3346 tat
866 3283 930 3347 viel
948 3283 1084 3347 taddaeo
1104 3282 1201 3362 dinae
1221 3281 1338 3347 hierita
1377 3277 1460 3344 Mel·
1514 3281 1566 3345 oia
1587 3280 1685 3347 huius
1708 3279 1901 3345 Sacerdotis
1934 3283 2093 3348 debemus
2120 3283 2284 3348 accedere
2305 3282 2348 3347 ad
2372 3281 2493 3361 Deum,

479 3367 637 3435 chisedec
660 3379 711 3433 εει
743 3388 804 3433 rex
831 3368 959 3448 iustus,
995 3378 1029 3432 et
1051 3369 1262 3432 benedicens.
1308 3367 1394 3450 ldeo
1409 3378 1461 3431 est
1513 3378 1662 3432 statuere
1683 3387 1747 3431 nos
1767 3368 1922 3452 accipere
1943 3367 2028 3435 haec
2051 3367 2213 3434 beneficia
2224 3381 2361 3454 propter
2372 3368 2494 3452 ipsum,

476 3465 577 3542 typus
604 3452 742 3532 Christi,
772 3454 850 3539 quia
872 3451 1027 3519 Christus
1060 3464 1113 3518 est
1136 3474 1209 3534 rex,
1244 3454 1300 3539 qui
1335 3465 1460 3530 servat,
1512 3453 1742 3519 remissionem
1781 3466 2013 3538 peccatorum,
2053 3456 2301 3538 imputationem
2339 3454 2494 3533 iustitiae,

475 3541 635 3627 protegit,
658 3551 691 3604 et
713 3540 771 3604 dat
792 3539 957 3603 iustitiam.
1002 3538 1098 3617 item,
1126 3550 1178 3604 est
1199 3540 1377 3618 sacerdos,
1403 3538 1460 3624 qui
1513 3538 1672 3623 Spiritum
1695 3552 1861 3617 sanctum,
1894 3552 1927 3606 et
1961 3541 2061 3605 vitam
2089 3553 2270 3605 aeternam.
2320 3538 2493 3607 Debemus

472 3626 656 3693 benedicit.
1512 3626 1611 3690 etiam
1633 3637 1747 3711 petere
1764 3628 2037 3711 gubernationem
2049 3628 2081 3691 irr
2094 3626 2184 3691 urnrri
2202 3627 2280 3702 rita,
2304 3644 2495 3730 agnoscere

1512 3730 1588 3777 eum
1616 3731 1697 3777 vere
1731 3732 1809 3775 esse
1831 3713 2046 3797 pontificem,
2085 3714 2142 3798 qui
2175 3733 2263 3777 nunc
2296 3723 2397 3818 atram
2429 3724 2494 3777 stet

715 3851 825 3956 Quid
857 3865 920 3936 est
949 3853 1224 3940 benediceret
1513 3794 2149 3967 pprsaprrpppppip{prpptptrpzrepppplppes
2166 3796 2494 3963 ὕεῖεῗοέεῐειιὸοᾚ

1514 3980 1546 4032 ιε
1568 3968 1688 4033 fiducie
1712 3964 1784 4032 Filii
1802 3972 1995 4034 Sacerdotis
2016 3973 2139 4035 stantis
2163 3991 2276 4035 coram
2299 3983 2344 4049 te,
2377 3984 2493 4054 cipro
2548 4042 2551 4048 ,

567 4053 629 4118 Est
650 4049 828 4131 affirmare,
849 4052 939 4138 quod
961 4050 1057 4118 Deus
1079 4054 1135 4117 tihi
1165 4052 1209 4116 sit
1231 4052 1395 4137 placatus,
1418 4053 1462 4118 sit
1514 4074 1567 4118 me
1589 4054 1812 4136 deprecantis.
1857 4054 1905 4120 Τε
1928 4058 2026 4121 ctiam
2048 4077 2121 4134 oro,
2150 4054 2212 4120 Fili
2234 4052 2311 4135 Dei,
2341 4056 2491 4141 perieras

483 4143 540 4206 ribi
565 4141 738 4226 propitius,
762 4141 816 4224 qui
841 4135 912 4204 vult
934 4150 967 4203 te
990 4158 1142 4227 servare,
1170 4140 1229 4203 tihi
1253 4136 1461 4204 benefacere.
1513 4161 1587 4205 mea
1609 4153 1687 4204 vota
1709 4140 1750 4205 ad
1774 4140 1922 4223 Patrem,
1956 4145 2013 4208 tibi
2036 4143 2232 4207 commendo
2254 4161 2326 4219 me,
2358 4152 2396 4207 tn
2416 4142 2493 4207 mihi

481 4232 526 4294 Er
548 4228 641 4304 beist,
662 4229 742 4292 uber
764 4226 858 4292 er'rrcrr
875 4228 985 4307 anate
1004 4227 1075 4290 tttrd
1095 4224 1370 4308 rerumrerum,
1400 4228 1462 4292 dar
1513 4228 1562 4290 sis
1584 4226 1825 4305 umbraculum,
1847 4239 1883 4293 tu
1905 4251 1969 4294 nos
1988 4228 2161 4296 delendas.
2197 4227 2376 4293 ltamelius
2399 4224 2492 4293 intel·

482 4312 1460 4396 tiristseprrerr,annuntiareremissiorrempeccatorum,arr·
1512 4309 1653 4399 ligemus
1677 4313 1738 4377 ista
1763 4315 1795 4377 in
1813 4313 2153 4399 applicatione'ssqtrac
2176 4326 2227 4378 est
2246 4314 2439 4379 exercenda
2460 4315 2493 4379 br

481 4401 644 4476 nuntiare,
667 4399 757 4483 quod
767 4396 863 4463 Deus
884 4397 983 4477 adsit,
1004 4400 1093 4483 quod
1104 4394 1185 4463 velit
1196 4417 1275 4462 esse
1292 4399 1460 4483 proprius,
1513 4401 1705 4486 quotidiana
1728 4401 1950 4471 invocatione.
1997 4395 2151 4467 Christri's'
2180 4398 2393 4484 reprehendit
2416 4398 2493 4465 illas

482 4488 570 4572 quod
591 4506 655 4549 non
666 4480 745 4549 velit
755 4483 900 4549 abiicere
912 4504 975 4548 nos
997 4485 1029 4548 in
1041 4497 1195 4549 aeternas
1212 4505 1351 4568 poenas,
1369 4483 1458 4570 quod
1513 4488 1671 4550 tenebras
1689 4487 1721 4549 in
1746 4484 1947 4570 pharisaeis,
1970 4491 2024 4575 qui
2048 4508 2114 4550 nnn
2139 4499 2258 4551 norant
2286 4498 2378 4551 recte
2401 4487 2494 4553 invo-

370 4624 372 4629 .
482 4594 549 4636 non
574 4569 651 4636 uelit
675 4571 774 4635 irasci
808 4571 918 4649 nobis,
951 4590 1018 4634 non
1051 4571 1169 4654 exequi
1204 4569 1402 4635 horrendam
1425 4582 1459 4634 ει
1514 4592 1611 4649 care,
1644 4592 1676 4637 ει
1711 4569 1756 4636 illi
1781 4585 1858 4637 sunt
1891 4579 1924 4642 in
1943 4575 2104 4641 similibus
2135 4572 2299 4655 tenebris,
2335 4575 2392 4657 qui
2425 4593 2494 4638 nou

481 4661 600 4723 ira-tam
625 4658 718 4735 iram,
742 4657 803 4720 sed
826 4657 914 4741 quod
937 4652 1017 4723 velit
1039 4676 1177 4741 parcere
1200 4674 1335 4742 propter
1357 4652 1458 4720 filiurn
1513 4659 1662 4745 cogitant
1686 4655 1753 4722 iila.

482 4767 590 4813 suurn.
634 4742 729 4808 Deus
758 4743 899 4807 dicendo
932 4739 1023 4806 iacit.
1067 4738 1209 4815 Quando
1231 4742 1326 4808 Deus
1358 4743 1459 4806 berre·

483 4832 572 4903 dicit,
595 4844 673 4897 tunc
696 4825 794 4895 simul
816 4827 1003 4894 benefacite
1030 4829 1163 4912 quaudo
1184 4829 1337 4893 homiues
1359 4829 1456 4892 berre·

482 4918 606 4997 diruut,
629 4917 824 4982 annuntiant
854 4913 1057 4980 voluntatem
1081 4913 1145 4979 Dei
1173 4914 1397 4979 benedicentis
1427 4925 1460 4979 et

482 5002 741 5069 herral'acientes.
785 5004 965 5068 Secrtttdrtru
982 5000 1127 5067 ordinem
1149 5000 1371 5083 Melchisedec,
1392 5019 1458 5067 uon
1946 5060 1955 5076 ,
2302 5061 2311 5077 ‚
2456 5062 2467 5081 ·

482 5091 661 5155 secuudum
685 5089 783 5154 Levi:
806 5090 925 5165 idest,
959 5109 1025 5152 uon
1059 5088 1121 5152 erit
1142 5087 1326 5154 leviticum
1347 5106 1459 5152 sacer·
1513 5057 1606 5163 QUO
1636 5074 1820 5170 tempore
1860 5060 2001 5142 hbblia
2038 5080 2101 5142 est
2138 5060 2241 5141 haec
2272 5060 2496 5172 disputallo

483 5176 606 5241 dotium
631 5175 850 5254 nracratiouis,
872 5176 932 5239 sed
954 5174 1207 5254 benedictionis,
1236 5177 1271 5239 iu
1303 5194 1370 5259 quo
1402 5193 1459 5236 arr·
1648 5180 1751 5264 intel·
1782 5178 1988 5262 Christum
2020 5194 2063 5262 et
2092 5180 2358 5267 pharisaeos?

484 5264 650 5326 nuntiatur
672 5259 898 5348 Evnrrgeliuru,
922 5261 1074 5325 remissio
1098 5270 1329 5344 peccatorum,
1363 5258 1459 5324 resti·
2283 5338 2287 5345 .

483 5354 564 5415 tutio
588 5349 741 5424 iustitiae,
764 5364 796 5413 et
820 5349 907 5413 ritae
924 5359 1088 5412 aeternae.
1600 5342 1790 5430 Disputatio
1812 5358 1863 5409 est
1894 5345 1958 5410 diei
1981 5340 2186 5425 Palmarum,
2222 5346 2256 5411 in
2306 5366 2350 5411 uo
2372 5344 2495 5413 raultne

568 5438 641 5501 Nan
662 5439 773 5516 borrrpt
793 5435 834 5498 de
850 5435 995 5523 potentia
1014 5444 1048 5498 et
1064 5430 1259 5498 defensione
1269 5429 1459 5497 Ecclesiae:
1484 5394 1490 5493 l
1514 5445 1547 5496 et
1569 5452 1709 5516 bragaac
1733 5434 1964 5498 contentiones
1986 5427 2119 5497 suerunt
2148 5431 2177 5497 ei
2201 5452 2277 5497 cum
2327 5430 2493 5499 harisaeis

461 5525 639 5587 *temetum
660 5543 681 5584 ιι
701 5524 827 5587 destris
848 5529 920 5601 tate,
942 5521 974 5584 id
997 5532 1062 5597 εει,
1085 5520 1250 5586 Divinitas
1269 5533 1379 5607 tecum
1398 5531 1462 5596 est,
1515 5533 1547 5583 et
1570 5539 1644 5583 cum
1677 5519 1829 5584 cacteris.
1887 5520 2058 5584 Dteretberr
2089 5522 2174 5601 drea
2205 5523 2279 5603 tape
2309 5522 2404 5603 mct-
2426 5527 2493 5584 ein·

484 5618 540 5672 tua
562 5608 726 5691 potentia,
753 5619 844 5673 tuum
866 5627 1022 5693 regnum,
1057 5616 1111 5670 est
1132 5624 1272 5690 regnum
1293 5604 1461 5688 potentiae
1486 5652 1491 5689 ,
1515 5607 1621 5672 ander·
1639 5603 1771 5672 luerunt
1793 5606 1822 5669 ei
1846 5605 2028 5693 certamina
2053 5605 2217 5670 acerrima
2243 5626 2318 5673 oum
2339 5604 2493 5691 principi·

1637 4878 1700 4944 ux
1720 4845 2072 4945 mraarus'rurvr
2094 4878 2367 4945 nuresuarn.
