5934 6709
501 668 556 767 so
1142 616 1877 732 nmn.ntuuscnnraaxucurro.t.
2465 669 2512 738 eo

502 851 667 923 violenter
697 853 818 919 trahat.
872 851 1026 919 Pictones
1046 849 1094 917 illi
1114 853 1381 938 Noribergeuses
1401 873 1479 937 pee-
1531 847 1629 926 mine,
1662 850 1749 915 sicut
1781 851 1915 934 ponitur
1946 854 2051 918 vestis
2082 854 2116 917 in
2149 873 2272 918 arcam.
2325 853 2424 922 Fiant
2444 857 2512 923 ista

502 952 631 1019 cerunt,
665 961 739 1006 cum
771 937 987 1024 indulgebant
1019 939 1090 1004 suis
1112 940 1413 1025 imaginationibus,
1446 949 1480 1003 ot
1531 932 1641 1013 siruul,
1662 936 1753 1020 quod
1775 937 1917 1020 Spiritus
1938 951 2077 1003 sanctus
2094 951 2199 1005 mutat
2220 940 2336 1019 corda,
2364 951 2398 1007 et
2418 945 2512 1027 quod

501 1024 771 1095 vociferabantur
803 1045 842 1089 se
872 1045 941 1088 non
973 1043 1078 1109 posse
1100 1026 1249 1090 credere.
1292 1023 1359 1108 lpsi
1381 1026 1479 1089 ‹lebe-
1531 1016 1631 1084 homo
1653 1020 1768 1104 incipit
1788 1042 1903 1108 agere,
1925 1035 1960 1088 et
1980 1043 2168 1111 repugnare
2190 1024 2401 1091 diffidentiae.
2442 1028 2512 1093 Sed

501 1115 584 1178 baut
614 1131 803 1198 repugnare
835 1111 1046 1189 dubitationi,
1088 1121 1122 1174 et
1154 1107 1355 1175 diffidentiae
1386 1129 1479 1174 suae.
1532 1124 1600 1169 non
1631 1115 1710 1170 sunt
1752 1106 1966 1174 deducendae
2004 1124 2133 1175 mentes
2166 1113 2210 1174 ad
2241 1110 2511 1179 Entltusiasticos

502 1197 551 1263 lta
582 1217 646 1263 nos
668 1199 828 1262 debemus
860 1194 948 1261 hanc
978 1195 1198 1261 obedientiam
1224 1193 1315 1274 Deo,
1345 1205 1383 1259 ut
1404 1215 1480 1261 cum
1532 1210 1571 1253 ra
1596 1201 1671 1269 tus,
1703 1193 1800 1277 quasi
1822 1191 1965 1277 Spiritus
1998 1205 2136 1262 sanctus
2168 1199 2241 1262 sine
2274 1194 2365 1264 lucta
2392 1212 2512 1265 nostra

502 1284 653 1350 audimus
674 1278 905 1366 Evangelinm,
926 1283 1187 1366 acquiescamus.
1533 1295 1551 1339 e
1590 1277 1657 1340 ciat
1680 1280 1945 1343 conversionem.
2259 1354 2265 1366 ,
2500 1313 2501 1317 =

589 1366 731 1441 Quando
752 1366 922 1452 arguimur
936 1367 1047 1430 audita
1068 1385 1154 1454 voce
1175 1366 1296 1445 divina,
1319 1366 1479 1432 debemus
1616 1359 1805 1446 Diligenter
1825 1365 1926 1448 igitur
1956 1365 2023 1431 hoc
2044 1378 2260 1447 mementote,
2293 1369 2384 1454 quod
2414 1367 2512 1435 Dens

501 1472 689 1541 agnoscere
714 1463 870 1537 peccata,
903 1461 935 1514 et
955 1447 1218 1515 incredulitatem
1246 1462 1415 1528 nostram,
1447 1461 1481 1515 et
1530 1443 1666 1511 inchoet
1697 1434 1968 1533 cont‘ersionem,
2012 1460 2045 1516 et
2084 1455 2174 1537 quod
2212 1464 2324 1518 tamen
2357 1466 2512 1537 oporteat

502 1540 664 1606 desistere
686 1557 707 1602 a
727 1538 899 1622 proposito
920 1536 1091 1620 peccandi.
1143 1535 1202 1601 Sic
1232 1558 1306 1604 cum
1329 1537 1480 1603 audimns
1531 1533 1695 1598 accedere
1732 1536 1962 1601 assensionem
2000 1547 2160 1602 nostram.
2218 1537 2330 1605 Nolite
2362 1541 2513 1626 cogitare

434 1672 438 1681 .
502 1620 766 1690 consolationem
788 1641 830 1686 en
852 1620 1073 1705 promissione
1093 1617 1287 1706 Evangelii,
1319 1623 1480 1688 debemus
1534 1617 1787 1683 conversionem
1819 1639 1897 1686 esse
1930 1632 2056 1686 motum
2090 1620 2269 1688 violentum
2299 1627 2334 1689 in
2365 1624 2510 1692 homine.

501 1710 657 1775 assentiri
677 1707 764 1786 Deo,
786 1719 819 1771 et
839 1717 965 1792 petere,
986 1717 1023 1770 ut
1042 1703 1150 1784 Deus,
1178 1707 1233 1791 qui
1254 1705 1356 1773 trahit
1377 1708 1480 1773 corda
1533 1699 1658 1767 Paulus
1681 1721 1723 1766 ex
1747 1723 1842 1769 resse
1863 1707 1985 1790 inquit:
2016 1707 2109 1773 Deae
2130 1712 2201 1791 dat,
2233 1721 2272 1776 ar
2300 1713 2422 1779 ecura:
2453 1713 2513 1777 ubi

501 1813 564 1879 per
585 1795 736 1870 verbum,
759 1793 934 1857 confirmet
954 1811 1018 1856 nos
1035 1791 1160 1876 Spiritu
1180 1803 1310 1857 sancto.
1352 1792 1481 1857 Tenea·
1532 1797 1642 1852 autem
1676 1725 1764 1853 vefie
1794 1800 1862 1870 est,
1896 1792 1941 1856 ibi
1969 1804 2022 1857 est
2055 1795 2216 1877 quaedam
2248 1798 2412 1860 assensio.
2467 1797 2512 1862 Et

501 1900 575 1945 mus
595 1879 658 1943 has
680 1873 829 1962 regulas:
862 1880 985 1955 Quanto
1012 1877 1114 1957 mayn
1134 1886 1233 1959 pater
1253 1887 1360 1944 cester
1380 1883 1482 1944 noete·
1532 1885 1667 1937 veteres
1711 1873 1844 1939 dieunt:
1887 1876 1982 1942 Deus
2008 1878 2161 1945 ooletrtetn
2202 1884 2321 1946 trabit:
2356 1878 2462 1946 Ἒικει
2492 1881 2511 1947 ὃ

500 1966 562 2030 rtis
593 1966 685 2030 dabit
702 1966 857 2047 Spirittnn
887 1971 1033 2028 cunctum
1053 1963 1257 2046 petentibus?
1297 1963 1357 2029 Et:
1390 1963 1482 2028 Dares
1534 1956 1615 2036 δεὸς,
1637 1956 1717 2023 ἀλλὰ
1738 1959 1917 2042 βουλόμενον
1933 1963 2021 2026 ἕλκει.
2054 1964 2128 2029 Hoc
2151 1974 2203 2030 est
2224 1967 2354 2051 signum
2376 1968 2511 2033 tractio·

503 2051 610 2133 efficit,
632 2057 667 2111 ut
687 2050 800 2130 retina,
822 2049 909 2114 idem
929 2050 1049 2130 efficiet
1069 2055 1174 2131 ettam,
1195 2058 1233 2114 nt
1248 2050 1441 2131 perficiatis.
1532 2043 1585 2108 nis
1608 2044 1751 2123 divinae,
1783 2048 1915 2131 quando
1948 2058 2002 2112 est
2033 2050 2067 2114 in
2095 2051 2193 2115 nobis
2226 2052 2444 2131 desiderium,
2476 2066 2511 2119 et

587 2132 649 2200 llle
680 2134 782 2198 miser
812 2131 912 2198 homo
934 2132 1137 2198 Franciscus
1170 2135 1289 2217 Spiera
1319 2155 1387 2200 non
1419 2130 1481 2199 fuit
1532 2125 1621 2194 velle
1641 2130 1807 2194 assentiri.
1851 2131 1893 2197 Et
1920 2153 2117 2219 quamquam
2133 2135 2201 2200 hoc
2221 2137 2329 2220 ipsum
2350 2134 2439 2203 velle
2456 2149 2511 2205 est

500 2231 593 2286 recte
614 2220 794 2296 institutus,
820 2239 894 2283 cum
915 2219 949 2282 in
971 2218 1122 2283 maximis
1145 2218 1317 2286 doloribus
1343 2217 1482 2285 indulsit
1532 2213 1713 2294 infirmum,
1747 2226 1855 2281 tamen
1888 2221 2032 2283 tenenda
2062 2231 2118 2286 est
2150 2219 2350 2287 consolatius
2393 2223 2511 2289 Linum
2600 2225 2602 2228 ’

501 2308 574 2372 suis
601 2306 872 2372 dubitationibus.
927 2302 992 2376 Qui
1023 2301 1200 2370 adsuerunt
1231 2304 1280 2384 ei,
1313 2306 1482 2372 debebant
1528 2303 1697 2382 firmianae
1728 2320 1792 2367 nott
1826 2310 2007 2388 πωπω
2050 2314 2084 2372 et
2115 2309 2301 2372 mndmnn
2322 2321 2511 2389 pausantem

499 2391 512 2456 i
535 2392 566 2454 si
586 2411 647 2477 pro
671 2408 772 2455 onere
787 2390 974 2454 mandatum
990 2387 1146 2469 divinum,
1165 2399 1203 2455 ut
1224 2391 1353 2456 audiret
1364 2388 1480 2456 Filium
1532 2405 1599 2451 nott
1617 2387 1806 2468 confringet.

537 2478 579 2541 ei.
667 2476 810 2541 ebebant
830 2493 952 2559 urgere
970 2475 1235 2559 promissionem,
1267 2478 1356 2562 quod
1378 2473 1480 2541 Filius
1618 2470 1711 2538 Haec
1733 2473 1844 2538 omnia
1865 2473 2042 2559 cogitanda
2063 2487 2156 2548 sunt,
2190 2496 2265 2543 cum
2292 2475 2349 2543 hic
2378 2477 2509 2544 dicitur:

500 2558 566 2626 Dei
586 2556 668 2626 velit
688 2579 751 2623 nos
775 2561 1002 2643 trepidantes,
1036 2558 1236 2640 imbecilles,
1265 2571 1299 2626 et
1330 2560 1480 2627 infirmos
1533 2553 1694 2640 Compelte
1714 2564 1844 2624 innare.
1887 2560 2041 2646 Agamus
2062 2536 2177 2631 entend
2192 2564 2316 2646 gratias
2334 2559 2416 2627 Filio
2432 2562 2511 2643 Dei,

501 2647 643 2732 erigere.
685 2645 864 2710 Debebant
885 2665 960 2710 eum
982 2646 1122 2716 docere.
1147 2666 1215 2711 non
1237 2648 1481 2729 exspectandos
1556 2644 1622 2706 uod
1643 2652 1736 2708 tanta
1758 2655 1808 2707 est
1840 2645 1945 2729 ipsius
1968 2647 2111 2725 bonitas,
2144 2660 2182 2711 ut
2202 2646 2339 2734 colligat
2360 2650 2422 2714 sibi
2445 2649 2509 2715 Ec-

501 2751 580 2799 esse
611 2741 727 2816 raptus
752 2727 930 2809 violentos,
963 2731 1024 2795 sed
1057 2732 1182 2795 debere
1216 2751 1290 2796 eum
1322 2733 1481 2798 resistere
1534 2730 1672 2792 oesiam
1705 2749 1746 2792 ex
1780 2729 1919 2809 misera,
1953 2730 2118 2816 squalida,
2150 2743 2184 2796 et
2216 2734 2382 2805 inmunda
2413 2729 2510 2802 saeco

501 2827 536 2883 et
576 2836 767 2902 repugnare
805 2816 1009 2881 dubitationi.
1081 2815 1171 2879 ldem
1212 2836 1277 2882 nos
1322 2818 1479 2883 debemus
1533 2815 1667 2896 generis
1690 2812 1836 2892 humani,
1863 2825 1896 2880 et
1916 2817 2003 2882 adeo
2026 2817 2095 2882 sitit
2116 2828 2265 2884 nostram
2287 2817 2446 2900 salutem,
2473 2832 2510 2886 ut
2559 2827 2560 2830 ’

501 2903 645 2980 discere,
678 2902 811 2986 quando
832 2920 948 2965 sumus
969 2900 1003 2965 in
1024 2910 1142 2980 morte,
1169 2910 1203 2966 et
1224 2902 1383 2967 sentimus
1405 2923 1481 2990 gra·
1533 2897 1631 2962 etiam
1651 2900 1855 2983 trepidantes
1877 2920 1941 2966 nos
1962 2899 2042 2967 velit
2063 2903 2126 2967 sibi
2148 2904 2339 2990 adiungere.

500 2989 658 3054 vissimas
680 2987 893 3052 tentationes.
1618 2983 1656 3047 ln
1677 2984 1744 3050 fine
1766 2985 1898 3051 dicitur:
1930 2991 2033 3053 Loetm
2064 2993 2208 3068 repletae
2233 2999 2293 3056 eet.
2338 2989 2387 3055 lbi
2408 2990 2509 3076 signi·

588 3071 801 3138 Habebamus
843 3070 898 3136 hic
933 3069 1098 3135 hominem
1135 3073 1310 3156 quendam,
1347 3090 1412 3158 ego
1444 3083 1480 3138 et
1532 3065 1665 3133 ficatum
1698 3079 1752 3134 est
1782 3073 1996 3138 constitutum
2028 3091 2107 3137 esse
2138 3085 2268 3158 tempus
2301 3073 2509 3142 collectionis

501 3156 665 3224 Dominus
686 3169 810 3242 pastor,
832 3158 888 3242 qui
909 3163 999 3236 (cnm
1017 3153 1269 3221 consolaremur
1289 3165 1378 3235 eum)
1401 3178 1481 3224 con·
1532 3151 1718 3236 Ecclesiae,
1752 3166 1786 3220 et
1816 3169 1936 3241 postea
1967 3155 2113 3223 futurum
2142 3164 2222 3225 'esse
2254 3159 2353 3227 tinem
2374 3172 2406 3225 et
2427 3160 2509 3226 iudi·

501 3244 674 3310 tumaciter
691 3243 928 3326 respondebat:
962 3240 1080 3315 Qualis
1108 3252 1199 3308 esset
1220 3241 1314 3308 Deus
1334 3244 1418 3322 iste,
1451 3243 1481 3306 si
1532 3240 1636 3315 cium3
1658 3241 1700 3304 dc
1722 3260 1787 3325 quo
1811 3243 1910 3307 etiam
1930 3239 1990 3306 illa
2010 3245 2116 3309 verba
2141 3242 2175 3310 lo
2201 3259 2336 3313 uantur:
2364 3245 2439 3309 Non
2451 3267 2509 3326 pa·

501 3347 642 3395 menon
663 3340 780 3413 posset
801 3326 980 3393 damnaret
1012 3325 1095 3391 Erat
1113 3328 1213 3412 impia
1227 3348 1308 3408 vox,
1326 3346 1481 3413 pugnans
1530 3329 1662 3392 meam
1690 3327 1739 3392 tta·
1769 3327 1834 3393 ciri
1862 3348 1994 3394 coenam
2026 3348 2136 3398 memte
2224 3335 2394 3398 enuntiant
2422 3332 2511 3396 enim

502 3432 578 3483 cum
599 3415 783 3479 iuramento
804 3412 885 3478 Dei:
926 3415 995 3478 Vino
1016 3432 1082 3494 epo,
1113 3419 1189 3479 noto
1214 3422 1346 3479 mortem
1362 3433 1480 3494 pecco·
1531 3408 1619 3476 haee
1639 3413 1743 3478 verba
1764 3413 1984 3479 tristissimam
2006 3413 2234 3482 exclusionem
2245 3437 2305 3482 seu
2317 3418 2511 3483 eiectionem

501 3501 595 3576 torn,
616 3502 677 3564 sed
693 3507 730 3563 ut
751 3506 960 3564 convetetur
980 3504 1014 3562 et
1033 3499 1128 3563 vivat.
1532 3515 1575 3560 ex
1595 3516 1701 3582 regno
1725 3495 1873 3564 coelesti.
1927 3499 2001 3574 Qua
2028 3502 2282 3565 comminatione
2314 3498 2437 3584 singuli
2459 3502 2511 3567 sic

588 3580 840 3650 Stenckieldius
872 3584 969 3646 etiam
1009 3579 1145 3646 clamat:
1177 3585 1339 3665 Exspecto
1381 3585 1482 3650 donec
1533 3577 1624 3647 affici
1645 3583 1779 3661 debent,
1811 3594 1848 3647 ut
1879 3583 2059 3648 flectantur
2079 3586 2123 3648 ad
2155 3585 2317 3668 agendam
2337 3585 2510 3666 poeniten·
2556 3596 2562 3601 ·

501 3669 595 3738 Deus
614 3679 646 3735 te
666 3671 780 3734 trabat
796 3670 842 3733 att
859 3668 1102 3734 conomimtem.
1156 3664 1483 3747 Attidicunt,nit1tl
1533 3667 1628 3731 tiam:
1650 3666 1737 3731 sieut
1757 3665 1989 3733 universaliter
2010 3668 2085 3732 ideo
2104 3679 2332 3752 proponuntur
2352 3690 2394 3735 ac
2415 3686 2510 3752 repe·

502 3774 606 3843 egere
633 3752 799 3829 hominem
836 3753 870 3817 in
903 3753 1133 3818 conversione.
1193 3751 1262 3817 Sed
1293 3750 1388 3818 furor
1420 3764 1482 3833 est,
1532 3761 1645 3817 tantur
1677 3752 1947 3817 comminationes
1980 3752 2235 3831 severissimae,
2273 3764 2311 3818 ut
2342 3751 2396 3818 his
2427 3755 2510 3818 moti

502 3842 550 3907 lta
571 3841 693 3906 dicere.
752 3836 892 3923 Semper
926 3835 993 3901 hoc
1020 3857 1136 3904 verum
1157 3850 1210 3905 est
1231 3839 1323 3904 initio
1345 3858 1482 3905 conver·
1534 3837 1755 3902 exuscitemur
1775 3837 1819 3901 ad
1841 3857 1955 3901 curam
1981 3847 2015 3902 et
2041 3834 2287 3905 solicitudinem
2312 3839 2510 3923 impetrandi

503 3926 650 3994 sionise
709 3933 818 4003 ostea,
840 3927 1022 3991 Praeenne
1040 3931 1158 4006 matta,
1186 3934 1355 3991 commate
1374 3930 1482 3991 oomn-
1533 3924 1744 3987 aversionem
1764 3940 1958 4007 poenarum,
1978 3942 2061 3988 vera
2081 3925 2293 4007 poenitentia,
2325 3925 2447 4010 pietate
2467 3946 2510 3991 ac

502 4021 579 4080 tate.
632 4007 667 4074 V
703 4019 800 4076 untas
823 4022 1111 4095 quantumcunque
1142 4007 1283 4089 infirma,
1316 4011 1415 4076 debet
1435 4006 1482 4075 ln·
1532 4009 1644 4073 studio
1666 4009 1816 4074 disceffii
1836 4005 2025 4096 Evangelii,
2056 4009 2192 4076 assidua
2224 4021 2258 4076 et
2285 4011 2414 4076 ardenti
2435 4030 2509 4096 pre

503 4097 601 4176 ctari,
632 4107 669 4161 ut
701 4096 918 4176 assentiatur,
950 4103 985 4160 et
1016 4091 1175 4160 luctando
1206 4096 1319 4161 vincat
1352 4096 1482 4161 dubita·
1533 4094 1674 4159 catione.

502 4184 627 4250 donem
650 4193 684 4249 et
705 4178 930 4247 diffidentiam.
982 4179 1100 4265 Neque
1122 4183 1299 4247 conversio
1321 4191 1391 4260 est,
1424 4193 1483 4247 aut

501 4267 541 4335 fit
560 4265 797 4372 ullaquando
818 4286 887 4332 nou
908 4275 961 4332 est
990 4263 1095 4371 lucta·
1111 4278 1229 4333 contra
1256 4264 1479 4332 diffidentiam.

501 4348 1165 4519 ffli’,‘{,¹}¹„¹}⁰2d{}¹⁰,fflfffflssffl'
1173 4354 1481 4521 §fifffifflum‘
1649 4417 1873 4485 noumroa
1903 4417 1957 4483 111.
1989 4415 2103 4483 eosr
2133 4415 2391 4485 minuans,

588 4522 665 4589 Non
687 4534 846 4607 operatur
866 4524 1004 4588 verbum
1021 4526 1167 4609 magice,
1199 4525 1259 4589 sed
1292 4524 1321 4588 si
1353 4523 1483 4602 audba,
2234 4576 2236 4581 ,

504 4611 648 4699 cogites,
668 4608 879 4699 assentiaris,
899 4627 1066 4693 repugnes
1092 4610 1156 4674 ima
1181 4610 1382 4675 inationibus
1405 4628 1483 4674 cou-
1755 4601 2032 4690 Evangelium
2059 4601 2196 4670 Lucae
2224 4604 2282 4669 15.

503 4697 615 4765 trariis
636 4697 753 4762 verbo.
806 4692 883 4759 Hoc
910 4713 985 4758 curu
1016 4692 1123 4773 fecis,
1189 4715 1249 4761 eus
1271 4706 1325 4760 est
1351 4690 1484 4772 efficax,

502 4782 606 4850 trahit
626 4793 672 4862 te,
693 4792 727 4846 et
747 4779 900 4847 accendit
931 4777 1039 4845 fidem.
1094 4779 1170 4845 Hoc
1195 4781 1386 4847 verecunde
1404 4779 1484 4844 dici·
1585 4791 1640 4856 De
1665 4809 1724 4855 oca
1747 4797 1779 4854 et
1804 4788 1963 4854 drachma
1984 4790 2124 4869 amsa,
2155 4797 2188 4854 et
2211 4790 2279 4877 fite,
2303 4791 2455 4877 prodtyo,

501 4879 558 4936 tur
582 4889 604 4933 a
631 4867 843 4933 Nazianzeno
874 4863 928 4930 his
950 4866 1079 4932 verbis:
1117 4867 1225 4933 Oronte
1255 4872 1359 4931 otrtttr
1390 4872 1441 4930 est
1462 4885 1486 4928 o

501 4954 591 5038 Deo;
628 4956 728 5019 datur
763 4963 870 5020 cutem
906 4951 1025 5020 amoti
1060 4959 1094 5019 et
1129 4951 1350 5018 camertibus.
1404 4947 1487 5015 Vult
1620 4943 1706 5009 Tota
1736 4940 1822 5009 haec
1865 4942 1985 5010 concio
2017 4953 2072 5008 est
2119 4940 2342 5027 pulcherrima
2373 4955 2511 5030 propter

503 5041 629 5118 dicere,
662 5038 828 5105 hominem
857 5058 960 5124 posse
992 5057 1195 5126 repugnare;
1227 5038 1291 5102 sed
1323 5057 1398 5101 cum
1418 5034 1486 5100 hoc
1535 5030 1687 5116 insignes·
1708 5029 1889 5114 imagines3
1921 5050 2060 5114 quarum
2080 5031 2186 5113 prima
2207 5041 2277 5108 est,
2309 5031 2352 5095 de
2374 5042 2513 5114 pastore

502 5125 596 5205 facit,
616 5145 686 5189 non
708 5126 922 5191 convertitur.
955 5117 1098 5210 Oportet
1108 5145 1145 5190 er
1169 5141 1353 5188 oannuere
1370 5123 1484 5187 verbo.
1536 5125 1689 5203 gestante
1711 5134 1808 5179 ovem
1834 5114 1868 5178 in
1896 5115 2059 5195 humeris3
2091 5113 2214 5194 altera,
2246 5117 2288 5181 de
2309 5116 2435 5181 amisso
2457 5118 2512 5182 de-

591 5209 629 5277 st
649 5207 762 5276 David
783 5229 843 5293 rep
936 5223 1009 5275 sset
1036 5144 1259 5276 consofittioni
1280 5205 1484 5292 Prophetae,
1536 5201 1647 5277 nario;
1680 5201 1788 5279 tertia,
1811 5199 1854 5265 de
1877 5201 2007 5267 duobus
2029 5197 2117 5278 tiliis,
2148 5201 2290 5286 prodigo
2322 5212 2357 5264 et
2377 5197 2512 5287 frugali.

502 5296 671 5385 periisset,
691 5297 779 5363 sicut
800 5294 846 5361 Sa
883 5339 892 5357 .
947 5296 1016 5361 Sed
1048 5316 1117 5361 non
1138 5305 1313 5381 repugnat,
1340 5290 1485 5372 luctatur
1535 5286 1598 5353 Est
1618 5297 1727 5352 autem
1750 5283 1948 5369 applicanda
1969 5283 2054 5350 haec
2087 5285 2204 5349 concio
2238 5286 2282 5350 ad
2314 5283 2403 5351 illam
2423 5288 2512 5371 prin-

550 5381 627 5462 tius,
647 5392 684 5447 ut
703 5382 917 5460 assentiatur,
950 5393 983 5447 et
1003 5377 1161 5447 luctando
1194 5382 1306 5449 vincit.
1360 5378 1398 5443 ln
1418 5376 1484 5443 hac
1536 5370 1678 5459 cipalem
1710 5371 1917 5450 sententiam,
1949 5383 1983 5436 ct
2015 5369 2210 5450 doctrinam,
2244 5391 2329 5455 qaae
2361 5392 2513 5457 compre·

502 5402 594 5534 Γιιοοιιι
626 5468 770 5553 Spiritus
802 5469 911 5535 sancti
943 5477 996 5534 est
1028 5464 1169 5546 efficax,
1201 5467 1259 5553 qui
1290 5486 1366 5531 cunt
1387 5463 1485 5529 datur
1534 5456 1688 5524 henditar
1714 5459 1749 5522 in
1770 5457 1876 5523 dicto:
1915 5454 1995 5522 Vivo
2015 5475 2110 5560 epo&
2123 5456 2198 5520 nolo
2229 5464 2364 5522 mortem
2394 5477 2512 5541 peccc-

503 5554 604 5621 nobis
625 5550 723 5621 simul
743 5563 848 5622 mutat
867 5573 944 5621 nos.
996 5552 1074 5621 Non
1106 5553 1193 5620 enim
1219 5553 1266 5619 ita
1294 5561 1348 5618 eet
1368 5550 1404 5616 iu
1423 5548 1484 5616 ho·
1533 5546 1630 5623 toris,
1649 5543 1709 5610 red
1727 5549 1765 5608 at
1785 5549 1995 5610 mamam
2021 5547 2054 5606 et
2073 5548 2174 5606 aaut
2229 5539 2324 5615 Quae
2355 5553 2409 5611 est
2434 5565 2512 5629 pro·
