5934 6709
956 609 1162 761 0⁰⁷]

956 857 1070 945 qui
1114 858 1259 924 sine
1301 857 1505 924 modo
1525 855 1708 924 indul
1802 869 1872 924 nt
1896 859 2204 925 omnibus
2230 856 2722 944 cupiditatibus,
2768 876 2910 921 cra-

954 940 1178 1033 pulae,
1221 955 1292 1009 et
1333 945 1654 1011 ebrietati.
1748 944 1863 1009 'uit
1896 941 2149 1030 aliquot
2189 947 2382 1010 annis
2412 941 2667 1008 Romae
2687 942 2911 1008 scriba

956 1032 1136 1116 apud
1176 1028 1539 1097 Damasum
1588 1029 2005 1108 Pontificem,
2061 1042 2127 1094 ct
2169 1030 2515 1114 respondit
2559 1028 2644 1092 de
2687 1025 2909 1093 multis

953 1136 1042 1183 ne
1092 1117 1245 1183 otiis
1289 1115 1809 1183 EcclesiasticiS.
1878 1114 2036 1182 ideo
2081 1116 2372 1203 pingitur
2414 1126 2488 1181 ut
2509 1110 2909 1179 cardinalis.

953 1138 1091 1269 δεῇ
1134 1204 1308 1269 haec
1352 1203 1639 1290 dignitas
1683 1213 1843 1269 tunc
1894 1202 2188 1268 nondum
2247 1197 2400 1281 fuit,
2454 1210 2519 1264 et
2563 1201 2725 1265 vixit
2780 1219 2911 1264 ma·

957 1288 968 1301 '
1007 1289 1022 1306 “
1082 1287 1438 1355 ‘beneflcio
1494 1285 1901 1374 locupletum
1946 1288 2227 1366 civium,
2292 1307 2491 1372 quam
2557 1286 2907 1369 stipendio.

1019 1376 1203 1442 abuit
1246 1385 1464 1441 tamen
1511 1376 1885 1439 mercedem
1931 1395 2014 1438 ex
2061 1374 2320 1437 aerario
2355 1369 2727 1437 Ecclesiae.
2773 1370 2910 1437 Sed

953 1457 1330 1547 locupletes
1395 1462 1456 1526 ei
1522 1458 1797 1526 multum
1864 1460 2223 1537 dederunt,
2280 1459 2521 1543 quibus
2579 1458 2909 1522 dedicavit

954 1566 1117 1612 suas
1157 1548 1536 1613 versionest
1594 1547 1753 1612 item
1798 1547 2037 1632 quibus
2082 1545 2415 1610 dedicavit
2453 1541 2585 1607 alia
2630 1545 2909 1627 scripta,

954 1643 1025 1698 et
1066 1631 1481 1699 narrationes
1536 1630 1927 1699 Bibliorum.
2014 1629 2212 1695 Anno
2257 1626 2507 1695 Christi
2553 1629 2685 1694 420
2737 1649 2910 1693 mor·

952 1728 1107 1785 tuus
1175 1729 1302 1784 est.
1391 1716 1485 1782 Er
1533 1738 1573 1782 o
1642 1715 1814 1784 ultra
1888 1715 2056 1781 1100
2118 1734 2335 1780 annos
2388 1716 2719 1782 extinctus
2786 1725 2907 1779 est.

951 1801 1266 1874 Profecto
1311 1819 1501 1871 trans
1528 1806 1790 1870 ationes
1845 1803 1988 1868 eius
2048 1812 2202 1866 sunt
2258 1797 2491 1879 utiles,
2551 1812 2618 1865 et
2660 1802 2744 1865 ad
2791 1819 2908 1865 eas

952 1912 1080 1956 vos
1123 1887 1552 1957 assuefacite.
1642 1885 1935 1954 Castalio
2002 1897 2108 1954 est
2164 1889 2477 1966 disertus,
2543 1887 2668 1951 sed
2713 1884 2910 1952 valde

951 1975 1162 2043 multa
1204 1977 1585 2061 corrumpit.
1644 1975 2036 2041 Munsterus
2078 1974 2349 2058 propior
2382 1988 2489 2039 est
2534 1973 2740 2039 textui
2784 1971 2911 2038 He·

952 2063 1184 2141 braeo,
1238 2064 1361 2127 sed
1418 2059 1725 2128 antefero
1769 2061 2152 2146 Hieronymi
2196 2062 2595 2125 versionem.
2686 2057 2910 2145 Augu-

952 2149 1171 2215 stinus
1210 2167 1427 2214 annos
1488 2146 1573 2212 10
1616 2159 1795 2235 post,
1836 2157 2139 2213 mortuus
2182 2156 2316 2211 est:
2380 2146 2448 2211 id
2492 2155 2633 2225 est,
2673 2143 2825 2209 430.
2869 2163 2910 2209 a

950 2245 1112 2300 nato
1164 2232 1478 2385 ¹{selu-isto,
1538 2253 1685 2298 cum
1752 2246 1937 2299 esset
1981 2252 2305 2318 egressus
2366 2252 2611 2298 annum
2668 2231 2911 2296 aetatis

949 2338 1120 2385 suae
1253 2368 1271 2386 .

1207 2650 1374 2736 Ubi
1436 2660 1561 2734 est
1619 2662 1989 2734 mortuus
2047 2649 2601 2760 Hieronymus
2616 2647 2655 2729 Ῥ

1124 2831 1197 2899 ln
1242 2830 1661 2913 Bethlehem,
1699 2833 1854 2919 quia
1897 2851 1982 2897 eo
2025 2850 2104 2896 se
2148 2827 2451 2909 eontulit,
2495 2841 2565 2894 nt
2588 2826 2913 2915 effugeret

951 2915 1427 3010 sycophantas
1468 2920 1538 2984 in
1582 2920 1856 2984 oriente.
1944 2914 2163 2982 Etiam
2217 2912 2416 2996 hodie
2471 2924 2577 2979 est
2625 2933 2911 2980 commo·

952 3007 1109 3073 dum
1152 3005 1242 3072 ibi
1299 3025 1490 3072 esse:
1556 3004 1848 3092 suppetit
1914 3003 2201 3067 omnium
2267 3019 2491 3065 rerum
2560 3001 2777 3084 copia,
2842 3012 2909 3065 et

996 3092 1344 3158 raesertim
1390 3112 1539 3157 cum
1583 3092 1754 3156 turci
1801 3088 1891 3154 ibi
1937 3088 2386 3166 dominentur,
2446 3098 2552 3150 est
2603 3087 2695 3152 ibi
2749 3107 2905 3172 pax.

1010 3199 1121 3244 um
1167 3174 1425 3242 Sultani
1469 3185 1846 3252 tenuerunt,
1880 3174 2161 3239 crebrae
2202 3172 2619 3238 vastationes
2641 3169 2908 3238 iiierunt

947 3265 1017 3329 in
1061 3260 1464 3329 Palaestina.
1552 3260 1721 3328 Sunt
1762 3261 1854 3326 ibi
1896 3258 2118 3326 adhuc
2174 3255 2358 3327 multi
2401 3257 2785 3337 Christiani,
2838 3268 2906 3324 et

946 3349 1125 3416 inter
1166 3368 1287 3414 eos
1331 3347 1535 3437 aliqui
1579 3347 1756 3414 docti
1804 3347 1949 3412 viri.
2034 3345 2212 3412 Novi
2247 3346 2338 3410 ibi
2380 3341 2672 3430 aliquem
2716 3363 2906 3433 egre-

949 3436 1060 3527 gie
1104 3435 1371 3504 doctum
1415 3437 1651 3514 virum,
1716 3435 1828 3519 qui
1886 3451 1969 3498 ex
2024 3430 2252 3519 Cypro
2317 3431 2405 3496 ad
2445 3450 2555 3495 me
2610 3431 2906 3517 scripsit,

950 3542 1106 3588 cum
1151 3541 1374 3588 essem
1414 3521 1484 3586 in
1543 3520 1858 3587 comitatu
1909 3517 2338 3606 Augustatio.
2424 3516 2491 3581 ls
2536 3535 2742 3602 saepo
2782 3515 2910 3583 fuit

947 3604 1461 3695 Hierosolymis,
1478 3607 1677 3672 vertit
1697 3606 1764 3670 in
1786 3601 2082 3692 linguam
2101 3602 2393 3692 italicam
2415 3600 2637 3690 aliqua
2657 3603 2911 3689 scripta

947 3690 1270 3759 Lutheri..
1311 3691 1760 3780 Hieronymus
1784 3691 2077 3757 secessit
2108 3691 2176 3755 in
2204 3686 2625 3771 Bethlehem,
2657 3699 2732 3757 ut
2751 3690 2909 3756 sub·

950 3779 1231 3861 duceret
1271 3795 1352 3844 se
1394 3800 1437 3845 a
1478 3780 1642 3843 rixis
1686 3775 2270 3866 sycophantarum.
2618 3783 2628 3787 ’

1124 3949 1277 4017 Fuit
1326 3946 1671 4015 familiaris
1724 3946 1849 4034 Epi
1893 3946 2076 4014 hanii
2132 3957 2202 4013 et
2238 3945 2669 4012 Nazianzeni.
2755 3944 2911 4032 Epi·

950 4035 1240 4126 phanius
1284 4033 1408 4102 fuit
1462 4035 1531 4100 in
1572 4033 1799 4102 insula
1829 3970 1894 4099 ἕ
1980 4054 2081 4100 ro.
2170 4033 2392 4120 Saepe
2434 4033 2634 4119 igitur
2674 4043 2907 4119 potue·

947 4133 1108 4190 runt
1160 4123 1547 4188 convenire.
1647 4119 1788 4187 Sed
1839 4054 2313 4186 ssianzenus
2352 4116 2622 4207 longius
2664 4114 2906 4184 abfuit=

949 4209 1106 4297 quia
1148 4208 1310 4274 vixit
1353 4210 1422 4274 in
1466 4204 1868 4294 Capadocia.
1955 4205 2401 4294 Hieronymus
2462 4202 2669 4270 semel
2710 4205 2902 4271 inter-

948 4297 1212 4381 rogavit
1247 4295 1768 4373 Nazianzenum,
1814 4295 1969 4380 quid
2015 4303 2203 4359 esset
2224 4292 2591 4359 Sabbatum
2634 4289 2903 4378 δευτερο-

947 4379 1451 4533 'tigditti’c'idilsskil
1454 4402 1536 4531 ‘iii
1544 4379 1765 4532 2313)
1765 4398 2286 4547 ῃέοῑοῐῗιεπιιιωάἣι
2289 4378 2465 4529 oc‘llteaei¹
2469 4376 2903 4546 ἰῗῖωξίξὼὲῑ

1874 4519 1891 4531 .
2058 4511 2079 4543 ,
2754 4511 2774 4536 9

948 4563 1251 4639 tempore
1292 4554 1627 4638 passionis
1673 4549 1953 4616 Christi:
1987 4552 2133 4617 dies
2169 4552 2365 4638 igitur
2434 4551 2726 4616 reximus
2747 4552 2904 4615 sab·

948 4640 1131 4717 batn,
1176 4651 1321 4704 erat
1363 4639 1717 4705 sabbatum
1762 4636 2260 4725 δευτεροπρῶτον.

862 4796 876 4803 ,
946 4745 1077 4790 nus
1119 4721 1364 4790 festive
1408 4723 1785 4810 respondite
1842 4724 1921 4785 In
1965 4726 2263 4785 concio-ne
2307 4723 2557 4795 audies,
2617 4723 2724 4784 uba·
2776 4742 2903 4784 non

927 4814 1189 4892 poteris
1230 4810 1383 4872 mila·
1416 4810 1868 4874 contradicere.
1969 4809 2072 4874 Ea
2113 4806 2475 4875 festivitate
2518 4808 2677 4873 texit
2717 4809 2905 4895 igno·

946 4901 1225 4963 tantiam
1288 4919 1510 4969 snam3
1577 4896 1701 4963 fuit
1767 4894 1985 4961 dulcis
2045 4892 2453 4961 familiaritas
2520 4895 2689 4960 inter
2732 4892 2905 4958 tales

947 4985 1154 5049 viros.
1247 4982 1502 5052 Romae
1558 5003 1825 5069 semper
1877 4982 2004 5047 fuit
2055 4979 2332 5046 multum
2386 4977 2794 5066 petulantiae
2835 4992 2904 5044 et

946 5070 1278 5135 vitiorum.
1343 5067 1499 5135 ldeo
1546 5067 1668 5136 suit
1710 5071 1777 5134 in
1822 5065 2234 5144 Bethlehem,
2280 5079 2616 5154 tamquam
2658 5067 2725 5131 in
2773 5063 2905 5131 col·

947 5152 1126 5242 legio
1169 5153 1680 5237 Ecclesiastico,
1725 5155 1825 5220 als
1857 5158 1924 5216 in
1968 5157 2161 5215 einem
2194 5154 2378 5234 πίᾔῖ,
2439 5163 2513 5218 ut
2556 5153 2730 5238 apud
2777 5172 2903 5219 nos

947 5251 1103 5307 sunt
1149 5237 1438 5329 colleg-ia
1479 5244 1823 5309 canonica.
1892 5239 1988 5306 lbi
2030 5240 2262 5307 habuit
2305 5236 2813 5316 Bibliothecam,
2838 5249 2906 5304 et

948 5323 1075 5393 suit
1118 5329 1487 5392 instructus
1525 5329 1727 5395 rebus
1772 5328 2196 5394 necessariis.

2234 667 2461 734 PHlL.
2507 667 2716 733 MEI..
2772 665 3150 735 SCRIPTA
3193 665 3724 736 EXEGETICA.

2955 1798 2957 1805 ι

2445 4637 2490 4702 d
2540 4636 2900 4702 Nazianze-
2947 4693 2950 4699 ,,

2965 2318 2966 2331 ,
3010 2265 3168 2351 quid
3211 2266 3300 2330 sit
3340 2263 3509 2346 Lex,
3551 2267 3712 2353 qnid

3210 854 3660 923 Dommch
3700 853 3941 922 xvm.
3992 853 4215 925 POST
4255 853 4776 924 Tumrrans.

3426 1008 3966 1097 Evangelium
4008 1008 4414 1077 Matthaei
4454 1011 4564 1079 22.

3014 1162 3360 1226 Pam-tecet
3403 1165 3746 1246 audientes,
3788 1165 3962 1248 quod
4001 1166 4179 1228 Iesu
4222 1165 4532 1230 silentiam
4574 1167 4989 1248 tnupomnt

3701 1250 4123 1326 sadducaeis,
4169 1259 4291 1319 etc.
4934 1307 4945 1310 -

3001 1523 3005 1526 ἡ
3088 1411 3322 1499 Haec
3392 1411 3834 1526 disputatio
3908 1411 4208 1498 Christi
4285 1426 4517 1497 estne
4576 1413 4919 1525 Legalis

3625 1567 3760 1651 vel
3819 1566 4361 1679 Evangelica?

3186 1749 3469 1836 Semper
3533 1751 3793 1816 debetis
3859 1751 4311 1827 considerare,
4367 1771 4456 1815 an
4513 1751 4844 1835 pertineat
4883 1748 4979 1815 ad

3013 1833 3289 1922 Legem,
3335 1834 3444 1902 vel
3486 1837 3572 1901 ad
3617 1834 4054 1924 Evangelium
4145 1839 4367 1922 roprie
4420 1837 4730 1915 materia,
4797 1855 4977 1922 quae

3014 1921 3214 1987 debet
3238 1924 3556 1988 enarrari.
3601 1921 3743 1988 Res
3793 1924 4032 1989 ondeo.
4080 1860 4204 1987 lgst
4234 1921 4418 1986 initio
4440 1918 4708 2010 legalis,
4730 1932 4975 2007 postea

3015 2018 3121 2072 est
3164 2005 3593 2095 Evangelica.
3844 2011 4063 2096 capita
4119 2027 4385 2093 semper
4430 2008 4674 2074 debent
4733 2026 4976 2094 regere

3014 2093 3495 2159 enarrationes.
3581 2093 3805 2162 Debet
3847 2097 4043 2162 nobis
4097 2114 4253 2160 esse
4296 2095 4365 2160 in
4415 2105 4791 2179 conspectu
4837 2094 4975 2159 usi-

3011 2189 3215 2244 tatum
3260 2179 3614 2247 discrimen
3659 2178 3866 2332 Legis
3910 2194 3979 2247 et
4004 2177 4376 2266 Evangelii.
4441 2178 4724 2247 Debetis
4767 2181 4969 2259 scire‚'

3813 2263 4211 2355 ungena-1.

3662 2510 3886 2616 Quid
3944 2525 4070 2596 est
4129 2511 4321 2596 lex?

3062 2779 3099 2785 -
3186 2691 3313 2759 Est
3355 2693 3685 2781 sapientia
3727 2706 4003 2761 aeterna
4022 2693 4153 2760 Dei
4185 2695 4382 2760 nobis
4405 2692 4770 2778 patefacta,
4799 2715 4976 2781 quae

3013 2779 3334 2863 ostendit,
3387 2777 3607 2866 qualis
3649 2781 3737 2847 sit
3780 2779 4005 2860 Deus,
4068 2777 4306 2866 quales
4347 2800 4476 2845 nos
4520 2799 4679 2846 esse
4723 2781 4973 2848 debea-

3011 2884 3186 3015 11¹¹0¹11⁸3
3225 2886 3405 3017 325¹:
3434 2862 3938 3019 83θῇνὲῗῶ
3957 2869 4261 3019 Ἓὲἳὲῗ
4303 2868 4975 3034 ὰῶὺξὲῒὲηᾶἰῖἓῖ

3009 3035 3184 3103 sont
3223 3036 3292 3102 tu
3336 3036 3489 3124 lego
3532 3040 3954 3120 describitur,
3995 2997 4244 3106 iustiti}
4284 2975 4437 3105 bei.

3460 3307 3679 3414 Quid
3744 3326 3871 3395 est
3929 3311 4465 3422 Evangelium
4481 3312 4521 3394 ⁴?

3183 3489 3309 3557 Est
3341 3493 3749 3579 praedicatio
3791 3495 4237 3579 poenitentiae
4278 3503 4348 3560 et
4367 3494 4858 3579 promissionis,
4902 3495 4972 3560 in

3012 3597 3147 3664 qua
3188 3576 3466 3645 offertur
3508 3581 3932 3647 credentibus
3974 3581 4284 3646 remissio
4417 3591 4758 3650 ccatorum
4771 3627 4795 3663 ,
4853 3583 4970 3648 im-

3013 3665 3266 3751 putatio
3303 3666 3625 3748 iustitiae,
3690 3668 3960 3733 donatio
4005 3665 4292 3751 Spiritus
4387 3669 4601 3747 ancti,
4665 3677 4737 3734 et
4794 3668 4970 3734 vitae

3014 3760 3354 3830 aeternae,
3479 3755 3633 3831 atis,
3688 3766 3962 3840 propter
4003 3751 4241 3820 Filium
4283 3754 4737 3823 mediatorem.
4822 3753 4970 3822 Hoo

3013 3837 3368 3902 discrimen
3435 3849 3541 3903 sto
3588 3849 3885 3925 tempore
3921 3838 4044 3908 fnit
4066 3841 4524 3920 obscuratum,
4563 3843 4741 3908 sicut
4762 3860 4967 3927 saepe

3011 3918 3257 3988 factum
3300 3936 3410 3989 est
3450 3926 3516 3989 in
3561 3923 3895 4006 Ecclesia,
3961 3937 4030 3993 et
4083 3947 4167 3992 ex
4207 3924 4344 3992 illis
4390 3929 4687 3993 tenebris
4732 3947 4964 4013 proce-

3011 4009 3177 4074 dunt
3218 4007 3348 4101 hae
3391 4011 3492 4075 dis
3540 4013 3899 4078 utationes.
3988 4013 4389 4079 Pharisaeus
4442 4010 4609 4080 nihil
4659 4010 4966 4101 intelligit

3010 4094 3095 4159 de
3137 4094 3444 4162 doctrina
3531 4098 3662 4178 dei,
3705 4099 3790 4164 de
3813 4097 4067 4165 Messia
4112 4101 4197 4164 de
4233 4100 4526 4186 gratuita
4568 4101 4967 4166 remissione

3005 4191 3453 4331 peccatorum.
3540 4182 3820 4251 Tantum
3873 4185 4077 4251 habet
4130 4187 4636 4273 imaginationes
4678 4184 4961 4274 legales.

3061 4279 3367 4337 raeterea
3410 4270 3704 4357 disputat
3746 4270 3831 4336 de
3874 4272 4192 4358 gradibus
4236 4292 4535 4358 operum.

3127 4539 3360 4644 Quae
3412 4539 3740 4626 suerunt
3798 4556 4072 4628 sectae
4133 4543 4265 4627 illo
4327 4559 4696 4658 tempore
4762 4547 4844 4630 in

3806 4697 4164 4782 Iudaea?

3183 4893 3550 4974 Pharisaei,
3593 4896 3993 4979 Sadducaei,
4036 4908 4104 4963 et
4145 4895 4410 4964 Essaei.

3432 5141 3599 5227 Ubi
3657 5140 3812 5226 suit
3869 5155 4066 5228 tunc
4126 5144 4538 5229 Ecclesia?

3181 5324 3331 5391 Fuit
3374 5344 3615 5410 sparsa
3657 5324 3726 5389 in
3768 5325 3902 5389 isto
3944 5323 4228 5411 populo:
4273 5324 4559 5396 forsitan
4605 5332 4802 5397 etiam
4845 5327 4963 5398 all·

3008 5411 3121 5497 qui
3155 5409 3596 5477 sanabiliores
3639 5412 3813 5476 inter
3837 5410 4242 5480 Pharisaeos
4287 5428 4478 5482 erant
4522 5418 4820 5485 membra
4840 5414 4966 5503 Eo-

3011 5494 3281 5564 clesiae.
3371 5497 3486 5564 Sic
3519 5513 3983 5586 argumentor:
