<?xml version="1.0" encoding="UTF-8"?>
<!DOCTYPE html PUBLIC "-//W3C//DTD XHTML 1.0 Transitional//EN"
    "http://www.w3.org/TR/xhtml1/DTD/xhtml1-transitional.dtd">
<html xmlns="http://www.w3.org/1999/xhtml" xml:lang="en" lang="en">
 <head>
  <title>
</title>
<meta http-equiv="Content-Type" content="text/html;charset=utf-8" />
  <meta name='ocr-system' content='tesseract 3.04.00' />
  <meta name='ocr-capabilities' content='ocr_page ocr_carea ocr_par ocr_line ocrx_word'/>
</head>
<body>
  <div class='ocr_page' id='page_1' title='image "./philippimelanth06melagoog_0411.png"; bbox 0 0 5934 6709; ppageno 0'>
   <div class='ocr_carea' id='block_1_1' title="bbox 1107 738 2494 815">
    <p class='ocr_par' dir='ltr' id='par_1_1' title="bbox 1107 738 2494 815">
     <span class='ocr_line' id='line_1_1' title="bbox 1107 738 2494 815; baseline -0.004 -2"><span class='ocrx_word' id='word_1_1' title='bbox 1107 744 1220 815; x_wconf 70' lang='lat' dir='ltr'><strong>PBH..</strong></span> <span class='ocrx_word' id='word_1_2' title='bbox 1242 742 1348 813; x_wconf 80' lang='lat' dir='ltr'><strong>MEL.</strong></span> <span class='ocrx_word' id='word_1_3' title='bbox 1370 742 1561 813; x_wconf 75' lang='lat' dir='ltr'><strong>scium</strong></span> <span class='ocrx_word' id='word_1_4' title='bbox 1581 740 1849 811; x_wconf 73' lang='lat' dir='ltr'><strong>mennon.</strong></span> <span class='ocrx_word' id='word_1_5' title='bbox 2421 738 2494 807; x_wconf 78' lang='lat'><strong>82⁰</strong></span> 
     </span>
    </p>
   </div>
   <div class='ocr_carea' id='block_1_2' title="bbox 470 927 2495 3171">
    <p class='ocr_par' dir='ltr' id='par_1_2' title="bbox 470 927 2495 3171">
     <span class='ocr_line' id='line_1_2' title="bbox 677 927 2492 1029; baseline -0.004 -25"><span class='ocrx_word' id='word_1_6' title='bbox 677 942 799 1029; x_wconf 73' lang='lat' dir='ltr'><strong>Unde</strong></span> <span class='ocrx_word' id='word_1_7' title='bbox 829 942 977 1028; x_wconf 65' lang='lat' dir='ltr'><strong>dicitur</strong></span> <span class='ocrx_word' id='word_1_8' title='bbox 1013 940 1248 1029; x_wconf 58' lang='lat' dir='ltr'><strong>Pannonia?</strong></span> <span class='ocrx_word' id='word_1_9' title='bbox 1507 936 1620 1002; x_wconf 86' lang='lat' dir='ltr'><strong>viebat</strong></span> <span class='ocrx_word' id='word_1_10' title='bbox 1647 934 1682 1000; x_wconf 89' lang='lat' dir='ltr'><strong>in</strong></span> <span class='ocrx_word' id='word_1_11' title='bbox 1711 930 1833 1000; x_wconf 87' lang='lat' dir='ltr'><strong>milites</strong></span> <span class='ocrx_word' id='word_1_12' title='bbox 1863 929 2084 999; x_wconf 83' lang='lat' dir='ltr'><strong>Christianos.</strong></span> <span class='ocrx_word' id='word_1_13' title='bbox 2127 927 2292 997; x_wconf 79' lang='lat' dir='ltr'><strong>Martinus</strong></span> <span class='ocrx_word' id='word_1_14' title='bbox 2313 928 2417 1016; x_wconf 82' lang='lat' dir='ltr'><strong>igitur</strong></span> <span class='ocrx_word' id='word_1_15' title='bbox 2437 948 2492 997; x_wconf 84' lang='lat' dir='ltr'><strong>re·</strong></span> 
     </span>
     <span class='ocr_line' id='line_1_3' title="bbox 1506 1013 2493 1101; baseline -0.004 -14"><span class='ocrx_word' id='word_1_16' title='bbox 1506 1019 1588 1087; x_wconf 88' lang='lat' dir='ltr'><strong>licta</strong></span> <span class='ocrx_word' id='word_1_17' title='bbox 1609 1020 1740 1099; x_wconf 83' lang='lat' dir='ltr'><strong>militia,</strong></span> <span class='ocrx_word' id='word_1_18' title='bbox 1776 1019 1872 1085; x_wconf 89' lang='lat' dir='ltr'><strong>rediit</strong></span> <span class='ocrx_word' id='word_1_19' title='bbox 1894 1020 1937 1085; x_wconf 87' lang='lat' dir='ltr'><strong>nd</strong></span> <span class='ocrx_word' id='word_1_20' title='bbox 1959 1019 2088 1101; x_wconf 85' lang='lat' dir='ltr'><strong>studia,</strong></span> <span class='ocrx_word' id='word_1_21' title='bbox 2111 1029 2144 1085; x_wconf 91' lang='lat' dir='ltr'><strong>et</strong></span> <span class='ocrx_word' id='word_1_22' title='bbox 2165 1013 2277 1083; x_wconf 83' lang='lat' dir='ltr'><strong>iactus</strong></span> <span class='ocrx_word' id='word_1_23' title='bbox 2293 1030 2347 1081; x_wconf 90' lang='lat' dir='ltr'><strong>est</strong></span> <span class='ocrx_word' id='word_1_24' title='bbox 2369 1014 2493 1083; x_wconf 83' lang='lat' dir='ltr'><strong>deinde</strong></span> 
     </span>
     <span class='ocr_line' id='line_1_4' title="bbox 558 1098 2494 1195; baseline -0.005 -18"><span class='ocrx_word' id='word_1_25' title='bbox 558 1108 682 1177; x_wconf 83' lang='lat' dir='ltr'><strong>Eorum</strong></span> <span class='ocrx_word' id='word_1_26' title='bbox 694 1110 879 1195; x_wconf 80' lang='lat' dir='ltr'><strong>scriptores</strong></span> <span class='ocrx_word' id='word_1_27' title='bbox 892 1110 1017 1186; x_wconf 92' lang='lat' dir='ltr'><strong>dicunt,</strong></span> <span class='ocrx_word' id='word_1_28' title='bbox 1041 1108 1119 1193; x_wconf 88' lang='lat' dir='ltr'><strong>quia</strong></span> <span class='ocrx_word' id='word_1_29' title='bbox 1140 1105 1243 1173; x_wconf 90' lang='lat' dir='ltr'><strong>babet</strong></span> <span class='ocrx_word' id='word_1_30' title='bbox 1264 1108 1374 1172; x_wconf 88' lang='lat' dir='ltr'><strong>bunos</strong></span> <span class='ocrx_word' id='word_1_31' title='bbox 1396 1126 1454 1193; x_wconf 81' lang='lat' dir='ltr'><strong>pa·</strong></span> <span class='ocrx_word' id='word_1_32' title='bbox 1506 1107 1696 1194; x_wconf 77' lang='lat' dir='ltr'><strong>Episcopus</strong></span> <span class='ocrx_word' id='word_1_33' title='bbox 1719 1108 1752 1172; x_wconf 90' lang='lat' dir='ltr'><strong>in</strong></span> <span class='ocrx_word' id='word_1_34' title='bbox 1775 1104 1903 1183; x_wconf 61' lang='lat' dir='ltr'><strong>Gallim</strong></span> <span class='ocrx_word' id='word_1_35' title='bbox 1924 1119 1958 1171; x_wconf 88' lang='lat' dir='ltr'><strong>et</strong></span> <span class='ocrx_word' id='word_1_36' title='bbox 1975 1126 2080 1173; x_wconf 86' lang='lat' dir='ltr'><strong>senex</strong></span> <span class='ocrx_word' id='word_1_37' title='bbox 2102 1103 2219 1171; x_wconf 76' lang='lat' dir='ltr'><strong>incidit</strong></span> <span class='ocrx_word' id='word_1_38' title='bbox 2240 1104 2273 1169; x_wconf 86' lang='lat' dir='ltr'><strong>in</strong></span> <span class='ocrx_word' id='word_1_39' title='bbox 2290 1098 2415 1168; x_wconf 87' lang='lat' dir='ltr'><strong>multas</strong></span> <span class='ocrx_word' id='word_1_40' title='bbox 2436 1122 2494 1169; x_wconf 81' lang='lat' dir='ltr'><strong>ca·</strong></span> 
     </span>
     <span class='ocr_line' id='line_1_5' title="bbox 471 1185 2493 1278; baseline -0.005 -13"><span class='ocrx_word' id='word_1_41' title='bbox 471 1214 549 1265; x_wconf 81' lang='lat' dir='ltr'><strong>nes:</strong></span> <span class='ocrx_word' id='word_1_42' title='bbox 573 1196 654 1263; x_wconf 86' lang='lat' dir='ltr'><strong>aber</strong></span> <span class='ocrx_word' id='word_1_43' title='bbox 674 1198 722 1261; x_wconf 79' lang='lat' dir='ltr'><strong>sie</strong></span> <span class='ocrx_word' id='word_1_44' title='bbox 742 1197 855 1260; x_wconf 67' lang='lat' dir='ltr'><strong>crassa</strong></span> <span class='ocrx_word' id='word_1_45' title='bbox 876 1193 980 1273; x_wconf 75' lang='lat' dir='ltr'><strong>aicit,</strong></span> <span class='ocrx_word' id='word_1_46' title='bbox 1007 1212 1077 1259; x_wconf 73' lang='lat' dir='ltr'><strong>aas</strong></span> <span class='ocrx_word' id='word_1_47' title='bbox 1098 1195 1147 1261; x_wconf 84' lang='lat' dir='ltr'><strong>sie</strong></span> <span class='ocrx_word' id='word_1_48' title='bbox 1167 1212 1280 1276; x_wconf 71' lang='lat' dir='ltr'><strong>sapen.</strong></span> <span class='ocrx_word' id='word_1_49' title='bbox 1326 1192 1454 1257; x_wconf 90' lang='lat' dir='ltr'><strong>Panno·</strong></span> <span class='ocrx_word' id='word_1_50' title='bbox 1505 1191 1686 1271; x_wconf 86' lang='lat' dir='ltr'><strong>inmitates,</strong></span> <span class='ocrx_word' id='word_1_51' title='bbox 1703 1214 1779 1259; x_wconf 89' lang='lat' dir='ltr'><strong>cum</strong></span> <span class='ocrx_word' id='word_1_52' title='bbox 1801 1191 1967 1258; x_wconf 81' lang='lat' dir='ltr'><strong>iiiaximus</strong></span> <span class='ocrx_word' id='word_1_53' title='bbox 1988 1188 2179 1278; x_wconf 76' lang='lat' dir='ltr'><strong>praefectus</strong></span> <span class='ocrx_word' id='word_1_54' title='bbox 2208 1185 2358 1269; x_wconf 86' lang='lat' dir='ltr'><strong>Galliae,</strong></span> <span class='ocrx_word' id='word_1_55' title='bbox 2391 1208 2493 1275; x_wconf 85' lang='lat' dir='ltr'><strong>quern</strong></span> 
     </span>
     <span class='ocr_line' id='line_1_6' title="bbox 470 1272 2494 1364; baseline -0.004 -14"><span class='ocrx_word' id='word_1_56' title='bbox 470 1286 528 1351; x_wconf 88' lang='lat' dir='ltr'><strong>nia</strong></span> <span class='ocrx_word' id='word_1_57' title='bbox 559 1296 613 1349; x_wconf 88' lang='lat' dir='ltr'><strong>est</strong></span> <span class='ocrx_word' id='word_1_58' title='bbox 645 1280 828 1347; x_wconf 84' lang='lat' dir='ltr'><strong>nPoecne.</strong></span> <span class='ocrx_word' id='word_1_59' title='bbox 870 1278 924 1345; x_wconf 93' lang='lat' dir='ltr'><strong>Un</strong></span> <span class='ocrx_word' id='word_1_60' title='bbox 971 1280 997 1345; x_wconf 89' lang='lat' dir='ltr'><strong>ri</strong></span> <span class='ocrx_word' id='word_1_61' title='bbox 1032 1280 1145 1345; x_wconf 86' lang='lat' dir='ltr'><strong>dicunt</strong></span> <span class='ocrx_word' id='word_1_62' title='bbox 1177 1281 1212 1344; x_wconf 89' lang='lat' dir='ltr'><strong>in</strong></span> <span class='ocrx_word' id='word_1_63' title='bbox 1250 1278 1455 1345; x_wconf 73' lang='lat' dir='ltr'><strong>habitatores</strong></span> <span class='ocrx_word' id='word_1_64' title='bbox 1506 1279 1670 1345; x_wconf 84' lang='lat' dir='ltr'><strong>Martinus</strong></span> <span class='ocrx_word' id='word_1_65' title='bbox 1702 1275 1801 1345; x_wconf 80' lang='lat' dir='ltr'><strong>vaide</strong></span> <span class='ocrx_word' id='word_1_66' title='bbox 1833 1275 2012 1364; x_wconf 80' lang='lat' dir='ltr'><strong>diligebat,</strong></span> <span class='ocrx_word' id='word_1_67' title='bbox 2042 1288 2193 1345; x_wconf 84' lang='lat' dir='ltr'><strong>moveret</strong></span> <span class='ocrx_word' id='word_1_68' title='bbox 2218 1272 2341 1342; x_wconf 89' lang='lat' dir='ltr'><strong>bellum</strong></span> <span class='ocrx_word' id='word_1_69' title='bbox 2371 1286 2494 1341; x_wconf 83' lang='lat' dir='ltr'><strong>contra</strong></span> 
     </span>
     <span class='ocr_line' id='line_1_7' title="bbox 471 1357 2495 1467; baseline -0.004 -33"><span class='ocrx_word' id='word_1_70' title='bbox 471 1369 665 1435; x_wconf 75' lang='lat' dir='ltr'><strong>Pannoniae</strong></span> <span class='ocrx_word' id='word_1_71' title='bbox 692 1379 786 1434; x_wconf 77' lang='lat' dir='ltr'><strong>onos</strong></span> <span class='ocrx_word' id='word_1_72' title='bbox 809 1386 927 1434; x_wconf 85' lang='lat' dir='ltr'><strong>essen</strong></span> <span class='ocrx_word' id='word_1_73' title='bbox 975 1365 1137 1445; x_wconf 80' lang='lat' dir='ltr'>Hercule,</span> <span class='ocrx_word' id='word_1_74' title='bbox 1171 1376 1205 1430; x_wconf 89' lang='lat' dir='ltr'><strong>et</strong></span> <span class='ocrx_word' id='word_1_75' title='bbox 1237 1376 1331 1432; x_wconf 85' lang='lat' dir='ltr'><strong>recte</strong></span> <span class='ocrx_word' id='word_1_76' title='bbox 1362 1360 1454 1430; x_wconf 79' lang='lat' dir='ltr'><strong>aibr·</strong></span> <span class='ocrx_word' id='word_1_77' title='bbox 1506 1365 1764 1450; x_wconf 69' lang='lat' dir='ltr'><strong>imperatorem</strong></span> <span class='ocrx_word' id='word_1_78' title='bbox 1796 1365 1879 1431; x_wconf 82' lang='lat' dir='ltr'><strong>vidit</strong></span> <span class='ocrx_word' id='word_1_79' title='bbox 1911 1366 2108 1431; x_wconf 81' lang='lat' dir='ltr'><strong>seditionem</strong></span> <span class='ocrx_word' id='word_1_80' title='bbox 2141 1362 2282 1447; x_wconf 83' lang='lat' dir='ltr'><strong>Imperii,</strong></span> <span class='ocrx_word' id='word_1_81' title='bbox 2315 1373 2349 1426; x_wconf 93' lang='lat' dir='ltr'><strong>et</strong></span> <span class='ocrx_word' id='word_1_82' title='bbox 2369 1357 2495 1467; x_wconf 87' lang='lat' dir='ltr'><strong>procui</strong></span> 
     </span>
     <span class='ocr_line' id='line_1_8' title="bbox 471 1445 2495 1541; baseline -0.003 -20"><span class='ocrx_word' id='word_1_83' title='bbox 471 1466 574 1521; x_wconf 89' lang='lat' dir='ltr'><strong>mant.</strong></span> <span class='ocrx_word' id='word_1_84' title='bbox 619 1454 792 1541; x_wconf 81' lang='lat' dir='ltr'><strong>liungaria</strong></span> <span class='ocrx_word' id='word_1_85' title='bbox 814 1466 865 1518; x_wconf 89' lang='lat' dir='ltr'><strong>est</strong></span> <span class='ocrx_word' id='word_1_86' title='bbox 888 1455 931 1518; x_wconf 89' lang='lat' dir='ltr'><strong>ab</strong></span> <span class='ocrx_word' id='word_1_87' title='bbox 955 1452 1093 1535; x_wconf 72' lang='lat' dir='ltr'><strong>Henna,</strong></span> <span class='ocrx_word' id='word_1_88' title='bbox 1116 1462 1149 1517; x_wconf 90' lang='lat' dir='ltr'><strong>et</strong></span> <span class='ocrx_word' id='word_1_89' title='bbox 1176 1454 1286 1527; x_wconf 81' lang='lat' dir='ltr'><strong>iaris,·</strong></span> <span class='ocrx_word' id='word_1_90' title='bbox 1309 1452 1385 1538; x_wconf 86' lang='lat' dir='ltr'><strong>quia</strong></span> <span class='ocrx_word' id='word_1_91' title='bbox 1407 1450 1455 1515; x_wconf 90' lang='lat' dir='ltr'><strong>di·</strong></span> <span class='ocrx_word' id='word_1_92' title='bbox 1508 1454 1608 1518; x_wconf 90' lang='lat' dir='ltr'><strong>dubio</strong></span> <span class='ocrx_word' id='word_1_93' title='bbox 1631 1450 1797 1517; x_wconf 81' lang='lat' dir='ltr'><strong>Maximus</strong></span> <span class='ocrx_word' id='word_1_94' title='bbox 1818 1446 1923 1516; x_wconf 87' lang='lat' dir='ltr'><strong>muita</strong></span> <span class='ocrx_word' id='word_1_95' title='bbox 1945 1453 2014 1537; x_wconf 74' lang='lat' dir='ltr'><strong>egit</strong></span> <span class='ocrx_word' id='word_1_96' title='bbox 2036 1451 2079 1517; x_wconf 92' lang='lat' dir='ltr'><strong>de</strong></span> <span class='ocrx_word' id='word_1_97' title='bbox 2100 1445 2408 1527; x_wconf 78' lang='lat' dir='ltr'><strong>consiliobiartin13</strong></span> <span class='ocrx_word' id='word_1_98' title='bbox 2429 1446 2495 1515; x_wconf 75' lang='lat' dir='ltr'><strong>sed</strong></span> 
     </span>
     <span class='ocr_line' id='line_1_9' title="bbox 471 1530 2387 1629; baseline -0.005 -21"><span class='ocrx_word' id='word_1_99' title='bbox 471 1560 593 1608; x_wconf 82' lang='lat' dir='ltr'><strong>versae</strong></span> <span class='ocrx_word' id='word_1_100' title='bbox 614 1555 732 1629; x_wconf 77' lang='lat' dir='ltr'><strong>gentes</strong></span> <span class='ocrx_word' id='word_1_101' title='bbox 754 1540 949 1605; x_wconf 86' lang='lat' dir='ltr'><strong>invaserunt</strong></span> <span class='ocrx_word' id='word_1_102' title='bbox 978 1550 1010 1602; x_wconf 90' lang='lat' dir='ltr'><strong>et</strong></span> <span class='ocrx_word' id='word_1_103' title='bbox 1033 1539 1066 1603; x_wconf 90' lang='lat' dir='ltr'><strong>vi</strong></span> <span class='ocrx_word' id='word_1_104' title='bbox 1089 1550 1340 1622; x_wconf 87' lang='lat' dir='ltr'><strong>occupaverunt</strong></span> <span class='ocrx_word' id='word_1_105' title='bbox 1362 1534 1456 1601; x_wconf 83' lang='lat' dir='ltr'><strong>ilun-</strong></span> <span class='ocrx_word' id='word_1_106' title='bbox 1506 1540 1636 1605; x_wconf 89' lang='lat' dir='ltr'><strong>sciebat</strong></span> <span class='ocrx_word' id='word_1_107' title='bbox 1654 1537 1746 1605; x_wconf 89' lang='lat' dir='ltr'><strong>aliud</strong></span> <span class='ocrx_word' id='word_1_108' title='bbox 1768 1556 1847 1604; x_wconf 84' lang='lat' dir='ltr'><strong>csse</strong></span> <span class='ocrx_word' id='word_1_109' title='bbox 1869 1536 2055 1623; x_wconf 87' lang='lat' dir='ltr'><strong>imperium,</strong></span> <span class='ocrx_word' id='word_1_110' title='bbox 2076 1535 2167 1603; x_wconf 88' lang='lat' dir='ltr'><strong>aliud</strong></span> <span class='ocrx_word' id='word_1_111' title='bbox 2187 1530 2387 1604; x_wconf 74' lang='lat' dir='ltr'><strong>Ecclesiam.</strong></span> 
     </span>
     <span class='ocr_line' id='line_1_10' title="bbox 472 1620 1454 1714; baseline -0.006 -22"><span class='ocrx_word' id='word_1_112' title='bbox 472 1628 607 1714; x_wconf 83' lang='lat' dir='ltr'><strong>gariam.</strong></span> <span class='ocrx_word' id='word_1_113' title='bbox 654 1626 728 1691; x_wconf 89' lang='lat' dir='ltr'><strong>iura</strong></span> <span class='ocrx_word' id='word_1_114' title='bbox 752 1637 805 1690; x_wconf 86' lang='lat' dir='ltr'><strong>est</strong></span> <span class='ocrx_word' id='word_1_115' title='bbox 827 1626 935 1710; x_wconf 77' lang='lat' dir='ltr'><strong>regio,</strong></span> <span class='ocrx_word' id='word_1_116' title='bbox 957 1624 1056 1689; x_wconf 73' lang='lat' dir='ltr'><strong>neta·</strong></span> <span class='ocrx_word' id='word_1_117' title='bbox 1078 1624 1236 1701; x_wconf 75' lang='lat' dir='ltr'><strong>Becaren,</strong></span> <span class='ocrx_word' id='word_1_118' title='bbox 1255 1620 1454 1688; x_wconf 79' lang='lat' dir='ltr'><strong>vicina&#39;l&#39;ar·</strong></span> 
     </span>
     <span class='ocr_line' id='line_1_11' title="bbox 471 1708 2270 1818; baseline -0.004 -39"><span class='ocrx_word' id='word_1_119' title='bbox 471 1726 630 1779; x_wconf 86' lang='lat' dir='ltr'><strong>tororum.</strong></span> <span class='ocrx_word' id='word_1_120' title='bbox 666 1712 773 1777; x_wconf 85' lang='lat' dir='ltr'><strong>Hunni</strong></span> <span class='ocrx_word' id='word_1_121' title='bbox 791 1713 868 1777; x_wconf 83' lang='lat' dir='ltr'><strong>sind</strong></span> <span class='ocrx_word' id='word_1_122' title='bbox 888 1709 970 1775; x_wconf 83' lang='lat' dir='ltr'><strong>aucit</strong></span> <span class='ocrx_word' id='word_1_123' title='bbox 992 1712 1101 1775; x_wconf 82' lang='lat' dir='ltr'><strong>roer&#39;ter</strong></span> <span class='ocrx_word' id='word_1_124' title='bbox 1122 1711 1267 1775; x_wconf 81' lang='lat' dir='ltr'><strong>adunare</strong></span> <span class='ocrx_word' id='word_1_125' title='bbox 1284 1708 1454 1793; x_wconf 72' lang='lat' dir='ltr'><strong>caspium.</strong></span> <span class='ocrx_word' id='word_1_126' title='bbox 1729 1714 1840 1818; x_wconf 71' lang='lat' dir='ltr'><strong>Quid</strong></span> <span class='ocrx_word' id='word_1_127' title='bbox 1870 1715 2011 1801; x_wconf 65' lang='lat' dir='ltr'><strong>docuit</strong></span> <span class='ocrx_word' id='word_1_128' title='bbox 2046 1710 2270 1804; x_wconf 58' lang='lat' dir='ltr'><strong>Martinus}</strong></span> 
     </span>
     <span class='ocr_line' id='line_1_12' title="bbox 472 1793 1457 1886; baseline -0.003 -23"><span class='ocrx_word' id='word_1_129' title='bbox 472 1797 553 1863; x_wconf 88' lang='lat' dir='ltr'><strong>illae</strong></span> <span class='ocrx_word' id='word_1_130' title='bbox 582 1810 700 1886; x_wconf 81' lang='lat' dir='ltr'><strong>gentes</strong></span> <span class='ocrx_word' id='word_1_131' title='bbox 734 1796 868 1864; x_wconf 90' lang='lat' dir='ltr'><strong>inerunt</strong></span> <span class='ocrx_word' id='word_1_132' title='bbox 895 1793 1027 1862; x_wconf 81' lang='lat' dir='ltr'><strong>infusae</strong></span> <span class='ocrx_word' id='word_1_133' title='bbox 1053 1798 1088 1860; x_wconf 91' lang='lat' dir='ltr'><strong>in</strong></span> <span class='ocrx_word' id='word_1_134' title='bbox 1118 1797 1322 1861; x_wconf 85' lang='lat' dir='ltr'><strong>Pannoniam</strong></span> <span class='ocrx_word' id='word_1_135' title='bbox 1345 1816 1386 1860; x_wconf 77' lang='lat' dir='ltr'><strong>ex</strong></span> <span class='ocrx_word' id='word_1_136' title='bbox 1409 1794 1457 1860; x_wconf 89' lang='lat' dir='ltr'><strong>di·</strong></span> 
     </span>
     <span class='ocr_line' id='line_1_13' title="bbox 473 1872 2495 1969; baseline -0.003 -19"><span class='ocrx_word' id='word_1_137' title='bbox 473 1886 581 1950; x_wconf 81' lang='lat' dir='ltr'><strong>versis</strong></span> <span class='ocrx_word' id='word_1_138' title='bbox 603 1884 806 1969; x_wconf 77' lang='lat' dir='ltr'><strong>regionibus.</strong></span> <span class='ocrx_word' id='word_1_139' title='bbox 852 1881 1024 1947; x_wconf 87' lang='lat' dir='ltr'><strong>Pannonia</strong></span> <span class='ocrx_word' id='word_1_140' title='bbox 1046 1894 1099 1947; x_wconf 85' lang='lat' dir='ltr'><strong>est</strong></span> <span class='ocrx_word' id='word_1_141' title='bbox 1120 1882 1227 1946; x_wconf 91' lang='lat' dir='ltr'><strong>media</strong></span> <span class='ocrx_word' id='word_1_142' title='bbox 1249 1902 1329 1967; x_wconf 87' lang='lat' dir='ltr'><strong>pars</strong></span> <span class='ocrx_word' id='word_1_143' title='bbox 1350 1880 1456 1947; x_wconf 85' lang='lat' dir='ltr'><strong>Euro·</strong></span> <span class='ocrx_word' id='word_1_144' title='bbox 1594 1879 1736 1949; x_wconf 83' lang='lat' dir='ltr'><strong>Multum</strong></span> <span class='ocrx_word' id='word_1_145' title='bbox 1769 1892 1848 1947; x_wconf 88' lang='lat' dir='ltr'><strong>tunc</strong></span> <span class='ocrx_word' id='word_1_146' title='bbox 1880 1880 1941 1947; x_wconf 88' lang='lat' dir='ltr'><strong>suit</strong></span> <span class='ocrx_word' id='word_1_147' title='bbox 1972 1882 2174 1947; x_wconf 78' lang='lat' dir='ltr'><strong>Arianorum</strong></span> <span class='ocrx_word' id='word_1_148' title='bbox 2208 1880 2241 1944; x_wconf 92' lang='lat' dir='ltr'><strong>in</strong></span> <span class='ocrx_word' id='word_1_149' title='bbox 2269 1875 2404 1955; x_wconf 63' lang='lat' dir='ltr'><strong>Gellia</strong></span> <span class='ocrx_word' id='word_1_150' title='bbox 2438 1872 2495 1943; x_wconf 84' lang='lat' dir='ltr'><strong>iile</strong></span> 
     </span>
     <span class='ocr_line' id='line_1_14' title="bbox 473 1964 2495 2054; baseline -0.003 -19"><span class='ocrx_word' id='word_1_151' title='bbox 473 1991 547 2054; x_wconf 88' lang='lat' dir='ltr'><strong>pne.</strong></span> <span class='ocrx_word' id='word_1_152' title='bbox 592 1971 769 2036; x_wconf 78' lang='lat' dir='ltr'><strong>Exercitus</strong></span> <span class='ocrx_word' id='word_1_153' title='bbox 791 1968 953 2034; x_wconf 85' lang='lat' dir='ltr'><strong>Turcicus</strong></span> <span class='ocrx_word' id='word_1_154' title='bbox 976 1969 1151 2033; x_wconf 83' lang='lat' dir='ltr'><strong>admodum</strong></span> <span class='ocrx_word' id='word_1_155' title='bbox 1175 1967 1330 2047; x_wconf 85' lang='lat' dir='ltr'><strong>iactatur,</strong></span> <span class='ocrx_word' id='word_1_156' title='bbox 1353 1986 1456 2054; x_wconf 89' lang='lat' dir='ltr'><strong>qnan-</strong></span> <span class='ocrx_word' id='word_1_157' title='bbox 1509 1968 1629 2035; x_wconf 89' lang='lat' dir='ltr'><strong>restitit</strong></span> <span class='ocrx_word' id='word_1_158' title='bbox 1650 1968 1783 2035; x_wconf 83' lang='lat' dir='ltr'><strong>fortiter</strong></span> <span class='ocrx_word' id='word_1_159' title='bbox 1804 1981 1837 2033; x_wconf 89' lang='lat' dir='ltr'><strong>et</strong></span> <span class='ocrx_word' id='word_1_160' title='bbox 1855 1964 2015 2034; x_wconf 83' lang='lat' dir='ltr'><strong>refutavit</strong></span> <span class='ocrx_word' id='word_1_161' title='bbox 2042 1966 2186 2032; x_wconf 75' lang='lat' dir='ltr'><strong>Arianos</strong></span> <span class='ocrx_word' id='word_1_162' title='bbox 2214 1976 2433 2044; x_wconf 82' lang='lat' dir='ltr'><strong>constanter,</strong></span> <span class='ocrx_word' id='word_1_163' title='bbox 2461 1976 2495 2029; x_wconf 93' lang='lat' dir='ltr'><strong>et</strong></span> 
     </span>
     <span class='ocr_line' id='line_1_15' title="bbox 473 2048 2493 2143; baseline -0.003 -22"><span class='ocrx_word' id='word_1_164' title='bbox 473 2059 517 2121; x_wconf 89' lang='lat' dir='ltr'><strong>du</strong></span> <span class='ocrx_word' id='word_1_165' title='bbox 547 2056 713 2143; x_wconf 85' lang='lat' dir='ltr'><strong>expeditio</strong></span> <span class='ocrx_word' id='word_1_166' title='bbox 747 2055 927 2140; x_wconf 83' lang='lat' dir='ltr'><strong>suscipitur</strong></span> <span class='ocrx_word' id='word_1_167' title='bbox 954 2056 986 2119; x_wconf 92' lang='lat' dir='ltr'><strong>in</strong></span> <span class='ocrx_word' id='word_1_168' title='bbox 1022 2055 1243 2141; x_wconf 81' lang='lat' dir='ltr'><strong>Hungarinm,</strong></span> <span class='ocrx_word' id='word_1_169' title='bbox 1275 2066 1309 2119; x_wconf 93' lang='lat' dir='ltr'><strong>et</strong></span> <span class='ocrx_word' id='word_1_170' title='bbox 1331 2073 1398 2120; x_wconf 89' lang='lat' dir='ltr'><strong>nen</strong></span> <span class='ocrx_word' id='word_1_171' title='bbox 1421 2054 1455 2117; x_wconf 94' lang='lat' dir='ltr'><strong>in</strong></span> <span class='ocrx_word' id='word_1_172' title='bbox 1509 2057 1643 2122; x_wconf 85' lang='lat' dir='ltr'><strong>retinnit</strong></span> <span class='ocrx_word' id='word_1_173' title='bbox 1664 2051 1838 2120; x_wconf 75' lang='lat' dir='ltr'><strong>Ecclesiae</strong></span> <span class='ocrx_word' id='word_1_174' title='bbox 1859 2050 2224 2131; x_wconf 84' lang='lat' dir='ltr'><strong>inveraconi&#39;essiune,</strong></span> <span class='ocrx_word' id='word_1_175' title='bbox 2245 2048 2378 2117; x_wconf 88' lang='lat' dir='ltr'><strong>scilicet</strong></span> <span class='ocrx_word' id='word_1_176' title='bbox 2400 2050 2493 2136; x_wconf 87' lang='lat' dir='ltr'><strong>quod</strong></span> 
     </span>
     <span class='ocr_line' id='line_1_16' title="bbox 473 2138 2493 2229; baseline -0.003 -22"><span class='ocrx_word' id='word_1_177' title='bbox 473 2142 638 2208; x_wconf 81' lang='lat' dir='ltr'><strong>Persium:</strong></span> <span class='ocrx_word' id='word_1_178' title='bbox 671 2143 748 2229; x_wconf 89' lang='lat' dir='ltr'><strong>quia</strong></span> <span class='ocrx_word' id='word_1_179' title='bbox 776 2162 818 2208; x_wconf 91' lang='lat' dir='ltr'><strong>eo</strong></span> <span class='ocrx_word' id='word_1_180' title='bbox 847 2152 900 2205; x_wconf 89' lang='lat' dir='ltr'><strong>cst</strong></span> <span class='ocrx_word' id='word_1_181' title='bbox 929 2138 1096 2206; x_wconf 78' lang='lat' dir='ltr'><strong>difficilior</strong></span> <span class='ocrx_word' id='word_1_182' title='bbox 1116 2143 1188 2219; x_wconf 80' lang='lat' dir='ltr'><strong>via,</strong></span> <span class='ocrx_word' id='word_1_183' title='bbox 1222 2149 1257 2205; x_wconf 88' lang='lat' dir='ltr'><strong>et</strong></span> <span class='ocrx_word' id='word_1_184' title='bbox 1289 2152 1456 2227; x_wconf 77' lang='lat' dir='ltr'><strong>coguntur</strong></span> <span class='ocrx_word' id='word_1_185' title='bbox 1510 2142 1599 2224; x_wconf 65' lang='grc' dir='ltr'><strong><em>λόγος</em></strong></span> <span class='ocrx_word' id='word_1_186' title='bbox 1620 2141 1664 2206; x_wconf 88' lang='lat' dir='ltr'><strong>sit</strong></span> <span class='ocrx_word' id='word_1_187' title='bbox 1685 2160 1843 2226; x_wconf 87' lang='lat' dir='ltr'><strong>persona,</strong></span> <span class='ocrx_word' id='word_1_188' title='bbox 1866 2140 2085 2206; x_wconf 88' lang='lat' dir='ltr'><strong>nonverbum</strong></span> <span class='ocrx_word' id='word_1_189' title='bbox 2107 2140 2288 2217; x_wconf 88' lang='lat' dir='ltr'><strong>transiens,</strong></span> <span class='ocrx_word' id='word_1_190' title='bbox 2306 2157 2375 2201; x_wconf 92' lang='lat' dir='ltr'><strong>non</strong></span> <span class='ocrx_word' id='word_1_191' title='bbox 2400 2155 2493 2201; x_wconf 88' lang='lat' dir='ltr'><strong>crea·</strong></span> 
     </span>
     <span class='ocr_line' id='line_1_17' title="bbox 473 2222 2492 2314; baseline -0.001 -23"><span class='ocrx_word' id='word_1_192' title='bbox 473 2248 588 2295; x_wconf 86' lang='lat' dir='ltr'><strong>secum</strong></span> <span class='ocrx_word' id='word_1_193' title='bbox 610 2230 643 2294; x_wconf 92' lang='lat' dir='ltr'><strong>in</strong></span> <span class='ocrx_word' id='word_1_194' title='bbox 667 2230 753 2293; x_wconf 80' lang='lat' dir='ltr'><strong>viam</strong></span> <span class='ocrx_word' id='word_1_195' title='bbox 776 2227 922 2293; x_wconf 84' lang='lat' dir='ltr'><strong>avehere</strong></span> <span class='ocrx_word' id='word_1_196' title='bbox 943 2227 977 2291; x_wconf 91' lang='lat' dir='ltr'><strong>in</strong></span> <span class='ocrx_word' id='word_1_197' title='bbox 1001 2223 1132 2314; x_wconf 81' lang='lat' dir='ltr'><strong>lagenis</strong></span> <span class='ocrx_word' id='word_1_198' title='bbox 1155 2246 1286 2312; x_wconf 87' lang='lat' dir='ltr'><strong>aquam,</strong></span> <span class='ocrx_word' id='word_1_199' title='bbox 1309 2222 1456 2290; x_wconf 83' lang='lat' dir='ltr'><strong>etmulti</strong></span> <span class='ocrx_word' id='word_1_200' title='bbox 1508 2240 1595 2306; x_wconf 89' lang='lat' dir='ltr'><strong>tura,</strong></span> <span class='ocrx_word' id='word_1_201' title='bbox 1622 2229 1685 2294; x_wconf 89' lang='lat' dir='ltr'><strong>sed</strong></span> <span class='ocrx_word' id='word_1_202' title='bbox 1712 2225 1933 2312; x_wconf 72' lang='lat' dir='ltr'><strong>dpmrdprvov,</strong></span> <span class='ocrx_word' id='word_1_203' title='bbox 1964 2236 1998 2292; x_wconf 92' lang='lat' dir='ltr'><strong>et</strong></span> <span class='ocrx_word' id='word_1_204' title='bbox 2019 2226 2062 2291; x_wconf 94' lang='lat' dir='ltr'><strong>de</strong></span> <span class='ocrx_word' id='word_1_205' title='bbox 2082 2225 2272 2291; x_wconf 88' lang='lat' dir='ltr'><strong>substantia</strong></span> <span class='ocrx_word' id='word_1_206' title='bbox 2293 2222 2424 2309; x_wconf 74' lang='lat' dir='ltr'><strong>patris,</strong></span> <span class='ocrx_word' id='word_1_207' title='bbox 2459 2234 2492 2288; x_wconf 87' lang='lat' dir='ltr'><strong>et</strong></span> 
     </span>
     <span class='ocr_line' id='line_1_18' title="bbox 517 2310 2490 2400; baseline -0.003 -21"><span class='ocrx_word' id='word_1_208' title='bbox 517 2326 613 2381; x_wconf 89' lang='lat' dir='ltr'><strong>reunt</strong></span> <span class='ocrx_word' id='word_1_209' title='bbox 635 2313 773 2400; x_wconf 87' lang='lat' dir='ltr'><strong>pulvere</strong></span> <span class='ocrx_word' id='word_1_210' title='bbox 795 2327 827 2379; x_wconf 89' lang='lat' dir='ltr'><strong>et</strong></span> <span class='ocrx_word' id='word_1_211' title='bbox 851 2325 965 2388; x_wconf 71' lang='lat' dir='ltr'><strong>ocatur</strong></span> <span class='ocrx_word' id='word_1_212' title='bbox 986 2325 1116 2380; x_wconf 89' lang='lat' dir='ltr'><strong>necest</strong></span> <span class='ocrx_word' id='word_1_213' title='bbox 1134 2313 1255 2378; x_wconf 86' lang='lat' dir='ltr'><strong>obvius</strong></span> <span class='ocrx_word' id='word_1_214' title='bbox 1278 2313 1373 2377; x_wconf 90' lang='lat' dir='ltr'><strong>cibus</strong></span> <span class='ocrx_word' id='word_1_215' title='bbox 1395 2331 1457 2396; x_wconf 90' lang='lat' dir='ltr'><strong>per</strong></span> <span class='ocrx_word' id='word_1_216' title='bbox 1507 2325 1630 2381; x_wconf 86' lang='lat' dir='ltr'><strong>natura</strong></span> <span class='ocrx_word' id='word_1_217' title='bbox 1651 2311 1758 2378; x_wconf 89' lang='lat' dir='ltr'><strong>Deus.</strong></span> <span class='ocrx_word' id='word_1_218' title='bbox 1802 2312 1877 2379; x_wconf 83' lang='lat' dir='ltr'><strong>Dua</strong></span> <span class='ocrx_word' id='word_1_219' title='bbox 1902 2314 1947 2379; x_wconf 79' lang='lat' dir='ltr'><strong>ist</strong></span> <span class='ocrx_word' id='word_1_220' title='bbox 1972 2315 2025 2377; x_wconf 82' lang='lat' dir='ltr'><strong>eia</strong></span> <span class='ocrx_word' id='word_1_221' title='bbox 2038 2330 2176 2397; x_wconf 74' lang='lat' dir='ltr'><strong>praescr</strong></span> <span class='ocrx_word' id='word_1_222' title='bbox 2198 2310 2320 2376; x_wconf 72' lang='lat' dir='ltr'><strong>bonde!</strong></span> <span class='ocrx_word' id='word_1_223' title='bbox 2337 2326 2490 2395; x_wconf 64' lang='lat' dir='ltr'><strong>peecata.</strong></span> 
     </span>
     <span class='ocr_line' id='line_1_19' title="bbox 487 2394 2490 2485; baseline -0.001 -21"><span class='ocrx_word' id='word_1_224' title='bbox 487 2422 549 2467; x_wconf 88' lang='lat' dir='ltr'><strong>oca</strong></span> <span class='ocrx_word' id='word_1_225' title='bbox 572 2412 745 2465; x_wconf 81' lang='lat' dir='ltr'><strong>montana:</strong></span> <span class='ocrx_word' id='word_1_226' title='bbox 779 2400 841 2465; x_wconf 90' lang='lat' dir='ltr'><strong>sed</strong></span> <span class='ocrx_word' id='word_1_227' title='bbox 868 2397 1017 2485; x_wconf 80' lang='lat' dir='ltr'><strong>Ungaria</strong></span> <span class='ocrx_word' id='word_1_228' title='bbox 1040 2399 1142 2483; x_wconf 82' lang='lat' dir='ltr'><strong>babet</strong></span> <span class='ocrx_word' id='word_1_229' title='bbox 1164 2395 1287 2463; x_wconf 86' lang='lat' dir='ltr'><strong>multas</strong></span> <span class='ocrx_word' id='word_1_230' title='bbox 1309 2418 1455 2463; x_wconf 89' lang='lat' dir='ltr'><strong>commo·</strong></span> <span class='ocrx_word' id='word_1_231' title='bbox 1506 2400 1580 2466; x_wconf 88' lang='lat' dir='ltr'><strong>Nisi</strong></span> <span class='ocrx_word' id='word_1_232' title='bbox 1603 2401 1759 2467; x_wconf 81' lang='lat' dir='ltr'><strong>divinitus</strong></span> <span class='ocrx_word' id='word_1_233' title='bbox 1780 2398 1868 2464; x_wconf 86' lang='lat' dir='ltr'><strong>haec</strong></span> <span class='ocrx_word' id='word_1_234' title='bbox 1894 2420 1951 2467; x_wconf 91' lang='lat' dir='ltr'><strong>res</strong></span> <span class='ocrx_word' id='word_1_235' title='bbox 1975 2410 2052 2465; x_wconf 85' lang='lat' dir='ltr'><strong>acta</strong></span> <span class='ocrx_word' id='word_1_236' title='bbox 2075 2394 2207 2477; x_wconf 82' lang='lat' dir='ltr'><strong>inisset,</strong></span> <span class='ocrx_word' id='word_1_237' title='bbox 2228 2398 2375 2462; x_wconf 89' lang='lat' dir='ltr'><strong>humana</strong></span> <span class='ocrx_word' id='word_1_238' title='bbox 2397 2414 2490 2461; x_wconf 77' lang='lat' dir='ltr'><strong>mene</strong></span> 
     </span>
     <span class='ocr_line' id='line_1_20' title="bbox 473 2482 2491 2571; baseline -0.003 -20"><span class='ocrx_word' id='word_1_239' title='bbox 473 2489 606 2566; x_wconf 77' lang='lat' dir='ltr'><strong>ditares,</strong></span> <span class='ocrx_word' id='word_1_240' title='bbox 629 2488 676 2553; x_wconf 84' lang='lat' dir='ltr'><strong>do</strong></span> <span class='ocrx_word' id='word_1_241' title='bbox 696 2486 820 2551; x_wconf 76' lang='lat' dir='ltr'><strong>konnen</strong></span> <span class='ocrx_word' id='word_1_242' title='bbox 841 2494 889 2553; x_wconf 76' lang='lat' dir='ltr'><strong>ste</strong></span> <span class='ocrx_word' id='word_1_243' title='bbox 919 2504 1007 2571; x_wconf 72' lang='lat' dir='ltr'><strong>paup</strong></span> <span class='ocrx_word' id='word_1_244' title='bbox 1038 2505 1078 2551; x_wconf 82' lang='lat' dir='ltr'><strong>zu</strong></span> <span class='ocrx_word' id='word_1_245' title='bbox 1106 2504 1198 2550; x_wconf 81' lang='lat' dir='ltr'><strong>essen</strong></span> <span class='ocrx_word' id='word_1_246' title='bbox 1224 2486 1292 2550; x_wconf 79' lang='lat' dir='ltr'><strong>aad</strong></span> <span class='ocrx_word' id='word_1_247' title='bbox 1310 2482 1456 2549; x_wconf 71' lang='lat' dir='ltr'><strong>marten</strong></span> <span class='ocrx_word' id='word_1_248' title='bbox 1507 2486 1593 2553; x_wconf 88' lang='lat' dir='ltr'><strong>baec</strong></span> <span class='ocrx_word' id='word_1_249' title='bbox 1610 2506 1678 2552; x_wconf 90' lang='lat' dir='ltr'><strong>non</strong></span> <span class='ocrx_word' id='word_1_250' title='bbox 1701 2483 1916 2551; x_wconf 74' lang='lat' dir='ltr'><strong>defendisset.</strong></span> <span class='ocrx_word' id='word_1_251' title='bbox 1959 2484 2045 2549; x_wconf 87' lang='lat' dir='ltr'><strong>Nam</strong></span> <span class='ocrx_word' id='word_1_252' title='bbox 2067 2482 2251 2550; x_wconf 85' lang='lat' dir='ltr'><strong>doctissimi</strong></span> <span class='ocrx_word' id='word_1_253' title='bbox 2280 2493 2315 2547; x_wconf 91' lang='lat' dir='ltr'><strong>et</strong></span> <span class='ocrx_word' id='word_1_254' title='bbox 2343 2482 2491 2568; x_wconf 78' lang='lat' dir='ltr'><strong>ingenio·</strong></span> 
     </span>
     <span class='ocr_line' id='line_1_21' title="bbox 472 2569 2490 2656; baseline -0.002 -18"><span class='ocrx_word' id='word_1_255' title='bbox 472 2574 587 2639; x_wconf 78' lang='lat' dir='ltr'><strong>iuben.</strong></span> <span class='ocrx_word' id='word_1_256' title='bbox 1509 2573 1632 2638; x_wconf 88' lang='lat' dir='ltr'><strong>sissimi</strong></span> <span class='ocrx_word' id='word_1_257' title='bbox 1654 2572 1805 2637; x_wconf 87' lang='lat' dir='ltr'><strong>homines</strong></span> <span class='ocrx_word' id='word_1_258' title='bbox 1828 2569 1974 2649; x_wconf 83' lang='lat' dir='ltr'><strong>iuer-unt,</strong></span> <span class='ocrx_word' id='word_1_259' title='bbox 2007 2571 2064 2656; x_wconf 88' lang='lat' dir='ltr'><strong>qni</strong></span> <span class='ocrx_word' id='word_1_260' title='bbox 2097 2590 2201 2635; x_wconf 86' lang='lat' dir='ltr'><strong>secus</strong></span> <span class='ocrx_word' id='word_1_261' title='bbox 2235 2578 2433 2647; x_wconf 85' lang='lat' dir='ltr'><strong>senserunt,</strong></span> <span class='ocrx_word' id='word_1_262' title='bbox 2459 2578 2490 2633; x_wconf 86' lang='lat' dir='ltr'><strong>et</strong></span> 
     </span>
     <span class='ocr_line' id='line_1_22' title="bbox 562 2652 2491 2744; baseline -0.002 -22"><span class='ocrx_word' id='word_1_263' title='bbox 562 2658 636 2723; x_wconf 82' lang='lat' dir='ltr'><strong>Due</strong></span> <span class='ocrx_word' id='word_1_264' title='bbox 657 2656 766 2736; x_wconf 79' lang='lat' dir='ltr'><strong>irent,</strong></span> <span class='ocrx_word' id='word_1_265' title='bbox 791 2656 949 2734; x_wconf 85' lang='lat' dir='ltr'><strong>Paeonia,</strong></span> <span class='ocrx_word' id='word_1_266' title='bbox 968 2668 1021 2721; x_wconf 90' lang='lat' dir='ltr'><strong>est</strong></span> <span class='ocrx_word' id='word_1_267' title='bbox 1041 2655 1220 2735; x_wconf 87' lang='lat' dir='ltr'><strong>aPaeone,</strong></span> <span class='ocrx_word' id='word_1_268' title='bbox 1242 2657 1299 2742; x_wconf 87' lang='lat' dir='ltr'><strong>qui</strong></span> <span class='ocrx_word' id='word_1_269' title='bbox 1320 2655 1381 2722; x_wconf 86' lang='lat' dir='ltr'><strong>iuit</strong></span> <span class='ocrx_word' id='word_1_270' title='bbox 1398 2676 1455 2740; x_wconf 92' lang='lat' dir='ltr'><strong>pa·</strong></span> <span class='ocrx_word' id='word_1_271' title='bbox 1531 2660 1553 2725; x_wconf 92' lang='lat' dir='ltr'><strong>ii</strong></span> <span class='ocrx_word' id='word_1_272' title='bbox 1574 2657 1678 2725; x_wconf 90' lang='lat' dir='ltr'><strong>multa</strong></span> <span class='ocrx_word' id='word_1_273' title='bbox 1699 2659 1793 2744; x_wconf 87' lang='lat' dir='ltr'><strong>passi</strong></span> <span class='ocrx_word' id='word_1_274' title='bbox 1811 2670 1889 2723; x_wconf 85' lang='lat' dir='ltr'><strong>sant</strong></span> <span class='ocrx_word' id='word_1_275' title='bbox 1911 2659 1954 2723; x_wconf 87' lang='lat' dir='ltr'><strong>ab</strong></span> <span class='ocrx_word' id='word_1_276' title='bbox 1976 2657 2085 2740; x_wconf 84' lang='lat' dir='ltr'><strong>impiis</strong></span> <span class='ocrx_word' id='word_1_277' title='bbox 2107 2656 2398 2741; x_wconf 80' lang='lat' dir='ltr'><strong>persecutoribus:</strong></span> <span class='ocrx_word' id='word_1_278' title='bbox 2427 2652 2491 2718; x_wconf 78' lang='lat' dir='ltr'><strong>aad</strong></span> 
     </span>
     <span class='ocr_line' id='line_1_23' title="bbox 475 2681 2490 2825; baseline -0.002 -16"><span class='ocrx_word' id='word_1_279' title='bbox 475 2758 526 2809; x_wconf 92' lang='lat' dir='ltr'><strong>ter</strong></span> <span class='ocrx_word' id='word_1_280' title='bbox 547 2740 767 2822; x_wconf 79' lang='lat' dir='ltr'><strong>Philoctetae,</strong></span> <span class='ocrx_word' id='word_1_281' title='bbox 790 2739 832 2807; x_wconf 85' lang='lat' dir='ltr'><strong>a’c</strong></span> <span class='ocrx_word' id='word_1_282' title='bbox 855 2762 967 2808; x_wconf 88' lang='lat' dir='ltr'><strong>comcs</strong></span> <span class='ocrx_word' id='word_1_283' title='bbox 991 2754 1024 2807; x_wconf 94' lang='lat' dir='ltr'><strong>et</strong></span> <span class='ocrx_word' id='word_1_284' title='bbox 1045 2743 1161 2807; x_wconf 84' lang='lat' dir='ltr'><strong>socius</strong></span> <span class='ocrx_word' id='word_1_285' title='bbox 1184 2739 1348 2807; x_wconf 87' lang='lat' dir='ltr'><strong>Herculis.</strong></span> <span class='ocrx_word' id='word_1_286' title='bbox 1373 2741 1456 2807; x_wconf 90' lang='lat' dir='ltr'><strong>Pae·</strong></span> <span class='ocrx_word' id='word_1_287' title='bbox 1507 2681 1565 2811; x_wconf 62' lang='lat' dir='ltr'><strong>iot</strong></span> <span class='ocrx_word' id='word_1_288' title='bbox 1587 2744 1750 2811; x_wconf 84' lang='lat' dir='ltr'><strong>Martinus</strong></span> <span class='ocrx_word' id='word_1_289' title='bbox 1771 2746 1837 2811; x_wconf 77' lang='lat' dir='ltr'><strong>viel</strong></span> <span class='ocrx_word' id='word_1_290' title='bbox 1852 2746 1958 2809; x_wconf 81' lang='lat' dir='ltr'><strong>leiden</strong></span> <span class='ocrx_word' id='word_1_291' title='bbox 1977 2762 2104 2809; x_wconf 72' lang='lat' dir='ltr'><strong>ranam</strong></span> <span class='ocrx_word' id='word_1_292' title='bbox 2124 2744 2167 2807; x_wconf 90' lang='lat' dir='ltr'><strong>ab</strong></span> <span class='ocrx_word' id='word_1_293' title='bbox 2195 2742 2331 2807; x_wconf 83' lang='lat' dir='ltr'><strong>Arianis</strong></span> <span class='ocrx_word' id='word_1_294' title='bbox 2353 2753 2490 2825; x_wconf 79' lang='lat' dir='ltr'><strong>propter</strong></span> 
     </span>
     <span class='ocr_line' id='line_1_24' title="bbox 474 2824 2490 2917; baseline -0.002 -23"><span class='ocrx_word' id='word_1_295' title='bbox 474 2850 557 2896; x_wconf 85' lang='lat' dir='ltr'><strong>ones</strong></span> <span class='ocrx_word' id='word_1_296' title='bbox 580 2832 624 2895; x_wconf 80' lang='lat' dir='ltr'><strong>ist</strong></span> <span class='ocrx_word' id='word_1_297' title='bbox 646 2832 698 2895; x_wconf 86' lang='lat' dir='ltr'><strong>ein</strong></span> <span class='ocrx_word' id='word_1_298' title='bbox 719 2831 768 2895; x_wconf 85' lang='lat' dir='ltr'><strong>ott</strong></span> <span class='ocrx_word' id='word_1_299' title='bbox 789 2828 887 2895; x_wconf 80' lang='lat' dir='ltr'><strong>oolcir.</strong></span> <span class='ocrx_word' id='word_1_300' title='bbox 919 2830 1030 2894; x_wconf 87' lang='lat' dir='ltr'><strong>Paean</strong></span> <span class='ocrx_word' id='word_1_301' title='bbox 1052 2829 1149 2893; x_wconf 90' lang='lat' dir='ltr'><strong>etiam</strong></span> <span class='ocrx_word' id='word_1_302' title='bbox 1173 2826 1340 2915; x_wconf 78' lang='lat' dir='ltr'><strong>significat</strong></span> <span class='ocrx_word' id='word_1_303' title='bbox 1369 2824 1455 2891; x_wconf 89' lang='lat' dir='ltr'><strong>elas·</strong></span> <span class='ocrx_word' id='word_1_304' title='bbox 1508 2830 1746 2910; x_wconf 73' lang='lat' dir='ltr'><strong>defensionem,</strong></span> <span class='ocrx_word' id='word_1_305' title='bbox 1770 2831 1859 2917; x_wconf 90' lang='lat' dir='ltr'><strong>quud</strong></span> <span class='ocrx_word' id='word_1_306' title='bbox 1880 2826 1983 2895; x_wconf 87' lang='lat' dir='ltr'><strong>Filius</strong></span> <span class='ocrx_word' id='word_1_307' title='bbox 2000 2827 2065 2895; x_wconf 87' lang='lat' dir='ltr'><strong>Dei</strong></span> <span class='ocrx_word' id='word_1_308' title='bbox 2087 2829 2132 2893; x_wconf 87' lang='lat' dir='ltr'><strong>sit</strong></span> <span class='ocrx_word' id='word_1_309' title='bbox 2153 2826 2371 2914; x_wconf 71' lang='grc' dir='ltr'><strong>ὁφιστᾰμενον,</strong></span> <span class='ocrx_word' id='word_1_310' title='bbox 2395 2826 2490 2892; x_wconf 89' lang='lat' dir='ltr'><strong>etde</strong></span> 
     </span>
     <span class='ocr_line' id='line_1_25' title="bbox 473 2912 2490 2995; baseline -0.003 -10"><span class='ocrx_word' id='word_1_311' title='bbox 473 2918 600 2994; x_wconf 74' lang='lat' dir='ltr'><strong>sicum,</strong></span> <span class='ocrx_word' id='word_1_312' title='bbox 633 2936 766 2981; x_wconf 75' lang='lat' dir='ltr'><strong>camnen</strong></span> <span class='ocrx_word' id='word_1_313' title='bbox 789 2912 974 2980; x_wconf 66' lang='lat' dir='ltr'><strong>victoriale.</strong></span> <span class='ocrx_word' id='word_1_314' title='bbox 1042 2913 1122 2979; x_wconf 81' lang='lat' dir='ltr'><strong>lude</strong></span> <span class='ocrx_word' id='word_1_315' title='bbox 1145 2913 1306 2985; x_wconf 74' lang='lat' dir='ltr'><strong>Paeonia.</strong></span> <span class='ocrx_word' id='word_1_316' title='bbox 1339 2914 1372 2979; x_wconf 81' lang='lat' dir='ltr'><strong>id</strong></span> <span class='ocrx_word' id='word_1_317' title='bbox 1391 2924 1455 2992; x_wconf 82' lang='lat' dir='ltr'><strong>eat,</strong></span> <span class='ocrx_word' id='word_1_318' title='bbox 1507 2920 1695 2985; x_wconf 85' lang='lat' dir='ltr'><strong>substantia</strong></span> <span class='ocrx_word' id='word_1_319' title='bbox 1728 2917 1851 2995; x_wconf 90' lang='lat' dir='ltr'><strong>Patris,</strong></span> <span class='ocrx_word' id='word_1_320' title='bbox 1883 2937 1950 2981; x_wconf 95' lang='lat' dir='ltr'><strong>non</strong></span> <span class='ocrx_word' id='word_1_321' title='bbox 1979 2917 2030 2987; x_wconf 77' lang='lat' dir='ltr'><strong>sit¹</strong></span> <span class='ocrx_word' id='word_1_322' title='bbox 2056 2928 2225 2993; x_wconf 86' lang='lat' dir='ltr'><strong>creatura,</strong></span> <span class='ocrx_word' id='word_1_323' title='bbox 2258 2925 2319 2979; x_wconf 90' lang='lat' dir='ltr'><strong>aut</strong></span> <span class='ocrx_word' id='word_1_324' title='bbox 2352 2915 2490 2979; x_wconf 81' lang='lat' dir='ltr'><strong>verbnm</strong></span> 
     </span>
     <span class='ocr_line' id='line_1_26' title="bbox 473 2996 2454 3086; baseline -0.001 -22"><span class='ocrx_word' id='word_1_325' title='bbox 473 3003 666 3068; x_wconf 87' lang='lat' dir='ltr'><strong>victoriosa.</strong></span> <span class='ocrx_word' id='word_1_326' title='bbox 714 3002 758 3066; x_wconf 76' lang='lat' dir='ltr'><strong>Es</strong></span> <span class='ocrx_word' id='word_1_327' title='bbox 779 3002 856 3068; x_wconf 78' lang='lat' dir='ltr'><strong>rtrtd</strong></span> <span class='ocrx_word' id='word_1_328' title='bbox 877 3000 961 3066; x_wconf 76' lang='lat' dir='ltr'><strong>aaa</strong></span> <span class='ocrx_word' id='word_1_329' title='bbox 980 3009 1057 3086; x_wconf 76' lang='lat' dir='ltr'><strong>pote</strong></span> <span class='ocrx_word' id='word_1_330' title='bbox 1079 3000 1271 3085; x_wconf 68' lang='lat' dir='ltr'><strong>indepsteat,</strong></span> <span class='ocrx_word' id='word_1_331' title='bbox 1300 3001 1330 3066; x_wconf 91' lang='lat' dir='ltr'><strong>si</strong></span> <span class='ocrx_word' id='word_1_332' title='bbox 1353 2998 1455 3065; x_wconf 79' lang='lat' dir='ltr'><strong>habe·</strong></span> <span class='ocrx_word' id='word_1_333' title='bbox 1507 3024 1731 3084; x_wconf 83' lang='lat' dir='ltr'><strong>evanescens,</strong></span> <span class='ocrx_word' id='word_1_334' title='bbox 1747 3006 1809 3070; x_wconf 90' lang='lat' dir='ltr'><strong>sed</strong></span> <span class='ocrx_word' id='word_1_335' title='bbox 1831 2999 1941 3069; x_wconf 87' lang='lat' dir='ltr'><strong>iumen</strong></span> <span class='ocrx_word' id='word_1_336' title='bbox 1964 3002 2006 3069; x_wconf 90' lang='lat' dir='ltr'><strong>de</strong></span> <span class='ocrx_word' id='word_1_337' title='bbox 2023 2999 2159 3080; x_wconf 89' lang='lat' dir='ltr'><strong>iumine,</strong></span> <span class='ocrx_word' id='word_1_338' title='bbox 2180 2999 2275 3066; x_wconf 83' lang='lat' dir='ltr'><strong>Deus</strong></span> <span class='ocrx_word' id='word_1_339' title='bbox 2299 3000 2343 3066; x_wconf 92' lang='lat' dir='ltr'><strong>de</strong></span> <span class='ocrx_word' id='word_1_340' title='bbox 2363 2996 2454 3065; x_wconf 86' lang='lat' dir='ltr'><strong>Dea.</strong></span> 
     </span>
     <span class='ocr_line' id='line_1_27' title="bbox 474 3084 1455 3171; baseline -0.002 -20"><span class='ocrx_word' id='word_1_341' title='bbox 474 3101 547 3154; x_wconf 89' lang='lat' dir='ltr'><strong>rent</strong></span> <span class='ocrx_word' id='word_1_342' title='bbox 571 3089 694 3154; x_wconf 92' lang='lat' dir='ltr'><strong>bonnm</strong></span> <span class='ocrx_word' id='word_1_343' title='bbox 712 3088 896 3154; x_wconf 87' lang='lat' dir='ltr'><strong>ductorem.</strong></span> <span class='ocrx_word' id='word_1_344' title='bbox 942 3086 1067 3166; x_wconf 87' lang='lat' dir='ltr'><strong>Paeon,</strong></span> <span class='ocrx_word' id='word_1_345' title='bbox 1089 3087 1201 3157; x_wconf 89' lang='lat' dir='ltr'><strong>idest,</strong></span> <span class='ocrx_word' id='word_1_346' title='bbox 1225 3084 1362 3165; x_wconf 79' lang='lat' dir='ltr'><strong>seriens,</strong></span> <span class='ocrx_word' id='word_1_347' title='bbox 1379 3105 1455 3171; x_wconf 91' lang='lat' dir='ltr'><strong>per·</strong></span> 
     </span>
    </p>
   </div>
   <div class='ocr_carea' id='block_1_3' title="bbox 473 3170 2488 3345">
    <p class='ocr_par' dir='ltr' id='par_1_3' title="bbox 473 3170 2488 3345">
     <span class='ocr_line' id='line_1_28' title="bbox 473 3170 2488 3345; baseline 0.01 -20"><span class='ocrx_word' id='word_1_348' title='bbox 473 3171 1099 3328; x_wconf 56' lang='lat' dir='ltr'><strong>iterabanttriten</strong></span> <span class='ocrx_word' id='word_1_349' title='bbox 1121 3170 1455 3345; x_wconf 59' lang='lat' dir='ltr'><strong>tentaterit:</strong></span> <span class='ocrx_word' id='word_1_350' title='bbox 1507 3197 1644 3302; x_wconf 66' lang='lat' dir='ltr'><strong>Quare</strong></span> <span class='ocrx_word' id='word_1_351' title='bbox 1675 3198 1717 3281; x_wconf 76' lang='lat'><strong>..</strong></span> <span class='ocrx_word' id='word_1_352' title='bbox 1746 3194 1853 3281; x_wconf 68' lang='lat' dir='ltr'><strong>a...</strong></span> <span class='ocrx_word' id='word_1_353' title='bbox 1890 3195 2056 3281; x_wconf 64' lang='lat' dir='ltr'><strong>aa...</strong></span> <span class='ocrx_word' id='word_1_354' title='bbox 2086 3195 2274 3279; x_wconf 66' lang='lat' dir='ltr'><strong>...aa</strong></span> <span class='ocrx_word' id='word_1_355' title='bbox 2304 3194 2488 3278; x_wconf 66' lang='lat' dir='ltr'><strong>m...</strong></span> 
     </span>
    </p>
   </div>
   <div class='ocr_carea' id='block_1_4' title="bbox 471 3316 2488 5503">
    <p class='ocr_par' dir='ltr' id='par_1_4' title="bbox 471 3316 2488 3584">
     <span class='ocr_line' id='line_1_29' title="bbox 472 3316 2488 3429; baseline -0.006 -19"><span class='ocrx_word' id='word_1_356' title='bbox 472 3365 584 3412; x_wconf 86' lang='lat' dir='ltr'><strong>sorem</strong></span> <span class='ocrx_word' id='word_1_357' title='bbox 613 3344 740 3424; x_wconf 76' lang='lat' dir='ltr'><strong>Cittim,</strong></span> <span class='ocrx_word' id='word_1_358' title='bbox 766 3365 855 3411; x_wconf 75' lang='lat' dir='ltr'><strong>wara</strong></span> <span class='ocrx_word' id='word_1_359' title='bbox 887 3346 951 3411; x_wconf 84' lang='lat' dir='ltr'><strong>dos</strong></span> <span class='ocrx_word' id='word_1_360' title='bbox 977 3347 1013 3410; x_wconf 80' lang='lat' dir='ltr'><strong>ia</strong></span> <span class='ocrx_word' id='word_1_361' title='bbox 1041 3346 1104 3410; x_wconf 86' lang='lat' dir='ltr'><strong>den</strong></span> <span class='ocrx_word' id='word_1_362' title='bbox 1131 3344 1318 3429; x_wconf 73' lang='lat' dir='ltr'><strong>Prophetes</strong></span> <span class='ocrx_word' id='word_1_363' title='bbox 1345 3343 1456 3425; x_wconf 77' lang='lat' dir='ltr'><strong>stabat,</strong></span> <span class='ocrx_word' id='word_1_364' title='bbox 1505 3319 1669 3404; x_wconf 75' lang='lat' dir='ltr'><strong>hilarius</strong></span> <span class='ocrx_word' id='word_1_365' title='bbox 1699 3319 1840 3402; x_wconf 85' lang='lat' dir='ltr'><strong>bibere</strong></span> <span class='ocrx_word' id='word_1_366' title='bbox 1870 3317 2032 3422; x_wconf 81' lang='lat' dir='ltr'><strong>vinum,</strong></span> <span class='ocrx_word' id='word_1_367' title='bbox 2074 3328 2117 3400; x_wconf 77' lang='lat' dir='ltr'><strong>et</strong></span> <span class='ocrx_word' id='word_1_368' title='bbox 2153 3316 2318 3399; x_wconf 78' lang='lat' dir='ltr'><strong>mittere</strong></span> <span class='ocrx_word' id='word_1_369' title='bbox 2349 3316 2488 3399; x_wconf 82' lang='lat' dir='ltr'><strong>vinum</strong></span> 
     </span>
     <span class='ocr_line' id='line_1_30' title="bbox 471 3430 2078 3584; baseline -0.002 -86"><span class='ocrx_word' id='word_1_370' title='bbox 471 3430 821 3584; x_wconf 46' lang='lat' dir='ltr'><strong>aedendbiacedonea</strong></span> <span class='ocrx_word' id='word_1_371' title='bbox 854 3445 888 3498; x_wconf 93' lang='lat' dir='ltr'><strong>et</strong></span> <span class='ocrx_word' id='word_1_372' title='bbox 920 3430 1073 3497; x_wconf 86' lang='lat' dir='ltr'><strong>Paeones</strong></span> <span class='ocrx_word' id='word_1_373' title='bbox 1107 3444 1186 3498; x_wconf 84' lang='lat' dir='ltr'><strong>sum</strong></span> <span class='ocrx_word' id='word_1_374' title='bbox 1219 3430 1320 3496; x_wconf 90' lang='lat' dir='ltr'><strong>bodie</strong></span> <span class='ocrx_word' id='word_1_375' title='bbox 1355 3431 1455 3495; x_wconf 90' lang='lat' dir='ltr'><strong>vicini</strong></span> <span class='ocrx_word' id='word_1_376' title='bbox 1912 3437 2078 3522; x_wconf 66' lang='lat' dir='ltr'><strong>amicis?</strong></span> 
     </span>
     <span class='ocr_line' id='line_1_31' title="bbox 509 3538 707 3584; baseline -0.025 0"><span class='ocrx_word' id='word_1_377' title='bbox 509 3538 574 3584; x_wconf 90' lang='lat' dir='ltr'><strong>ace</strong></span> <span class='ocrx_word' id='word_1_378' title='bbox 600 3538 707 3584; x_wconf 81' lang='lat' dir='ltr'><strong>oniae.</strong></span> 
     </span>
    </p>

    <p class='ocr_par' dir='ltr' id='par_1_5' title="bbox 472 3598 2487 4448">
     <span class='ocr_line' id='line_1_32' title="bbox 560 3598 2487 3689; baseline -0.001 -21"><span class='ocrx_word' id='word_1_379' title='bbox 560 3602 729 3670; x_wconf 88' lang='lat' dir='ltr'><strong>Paeoniae</strong></span> <span class='ocrx_word' id='word_1_380' title='bbox 749 3617 802 3668; x_wconf 91' lang='lat' dir='ltr'><strong>est</strong></span> <span class='ocrx_word' id='word_1_381' title='bbox 825 3604 987 3670; x_wconf 85' lang='lat' dir='ltr'><strong>maximus</strong></span> <span class='ocrx_word' id='word_1_382' title='bbox 1012 3622 1104 3669; x_wconf 88' lang='lat' dir='ltr'><strong>usus.</strong></span> <span class='ocrx_word' id='word_1_383' title='bbox 1149 3602 1196 3668; x_wconf 80' lang='lat' dir='ltr'><strong>Es</strong></span> <span class='ocrx_word' id='word_1_384' title='bbox 1215 3606 1260 3669; x_wconf 81' lang='lat' dir='ltr'><strong>ist</strong></span> <span class='ocrx_word' id='word_1_385' title='bbox 1282 3603 1335 3668; x_wconf 85' lang='lat' dir='ltr'><strong>eia</strong></span> <span class='ocrx_word' id='word_1_386' title='bbox 1355 3602 1456 3668; x_wconf 72' lang='lat' dir='ltr'><strong>sebon</strong></span> <span class='ocrx_word' id='word_1_387' title='bbox 1593 3602 1680 3677; x_wconf 86' lang='lat' dir='ltr'><strong>Quia</strong></span> <span class='ocrx_word' id='word_1_388' title='bbox 1702 3604 1793 3669; x_wconf 89' lang='lat' dir='ltr'><strong>circa</strong></span> <span class='ocrx_word' id='word_1_389' title='bbox 1814 3604 1901 3670; x_wconf 84' lang='lat' dir='ltr'><strong>hacc</strong></span> <span class='ocrx_word' id='word_1_390' title='bbox 1923 3616 2074 3689; x_wconf 87' lang='lat' dir='ltr'><strong>tempora</strong></span> <span class='ocrx_word' id='word_1_391' title='bbox 2095 3604 2129 3668; x_wconf 89' lang='lat' dir='ltr'><strong>in</strong></span> <span class='ocrx_word' id='word_1_392' title='bbox 2153 3598 2299 3669; x_wconf 86' lang='lat' dir='ltr'><strong>Graecia</strong></span> <span class='ocrx_word' id='word_1_393' title='bbox 2321 3598 2487 3667; x_wconf 78' lang='lat' dir='ltr'><strong>celebrata</strong></span> 
     </span>
     <span class='ocr_line' id='line_1_33' title="bbox 472 3684 2486 3777; baseline -0.001 -22"><span class='ocrx_word' id='word_1_394' title='bbox 472 3691 541 3755; x_wconf 77' lang='lat' dir='ltr'><strong>rard</strong></span> <span class='ocrx_word' id='word_1_395' title='bbox 573 3691 698 3757; x_wconf 72' lang='lat' dir='ltr'><strong>tierrici</strong></span> <span class='ocrx_word' id='word_1_396' title='bbox 730 3691 840 3769; x_wconf 63' lang='lat' dir='ltr'><strong>aaut,</strong></span> <span class='ocrx_word' id='word_1_397' title='bbox 872 3702 906 3756; x_wconf 90' lang='lat' dir='ltr'><strong>et</strong></span> <span class='ocrx_word' id='word_1_398' title='bbox 922 3690 1063 3774; x_wconf 88' lang='lat' dir='ltr'><strong>prodest</strong></span> <span class='ocrx_word' id='word_1_399' title='bbox 1084 3702 1203 3756; x_wconf 90' lang='lat' dir='ltr'><strong>contra</strong></span> <span class='ocrx_word' id='word_1_400' title='bbox 1223 3692 1375 3756; x_wconf 87' lang='lat' dir='ltr'><strong>morbum</strong></span> <span class='ocrx_word' id='word_1_401' title='bbox 1399 3710 1456 3753; x_wconf 90' lang='lat' dir='ltr'><strong>co·</strong></span> <span class='ocrx_word' id='word_1_402' title='bbox 1507 3697 1750 3772; x_wconf 70' lang='lat' dir='ltr'><strong>suntmdotyra,</strong></span> <span class='ocrx_word' id='word_1_403' title='bbox 1764 3684 2302 3777; x_wconf 79' lang='lat' dir='ltr'><strong>quiamastatuncdeierbuerant.</strong></span> <span class='ocrx_word' id='word_1_404' title='bbox 2325 3684 2486 3754; x_wconf 85' lang='lat' dir='ltr'><strong>idi&#39;estun</strong></span> 
     </span>
     <span class='ocr_line' id='line_1_34' title="bbox 473 3772 2485 3861; baseline -0 -20"><span class='ocrx_word' id='word_1_405' title='bbox 473 3773 641 3841; x_wconf 89' lang='lat' dir='ltr'><strong>mitiaiem.</strong></span> <span class='ocrx_word' id='word_1_406' title='bbox 687 3776 829 3850; x_wconf 86' lang='lat' dir='ltr'><strong>Quando</strong></span> <span class='ocrx_word' id='word_1_407' title='bbox 851 3778 944 3861; x_wconf 88' lang='lat' dir='ltr'><strong>pueri</strong></span> <span class='ocrx_word' id='word_1_408' title='bbox 965 3773 1121 3841; x_wconf 88' lang='lat' dir='ltr'><strong>laborant</strong></span> <span class='ocrx_word' id='word_1_409' title='bbox 1142 3776 1260 3842; x_wconf 90' lang='lat' dir='ltr'><strong>morbo</strong></span> <span class='ocrx_word' id='word_1_410' title='bbox 1288 3772 1455 3854; x_wconf 90' lang='lat' dir='ltr'><strong>comitiali,</strong></span> <span class='ocrx_word' id='word_1_411' title='bbox 1507 3775 1609 3841; x_wconf 89' lang='lat' dir='ltr'><strong>babet</strong></span> <span class='ocrx_word' id='word_1_412' title='bbox 1631 3796 1751 3841; x_wconf 90' lang='lat' dir='ltr'><strong>nomen</strong></span> <span class='ocrx_word' id='word_1_413' title='bbox 1774 3798 1794 3840; x_wconf 91' lang='lat' dir='ltr'><strong>a</strong></span> <span class='ocrx_word' id='word_1_414' title='bbox 1816 3784 1933 3855; x_wconf 75' lang='grc' dir='ltr'><strong><em>πίθος,</em></strong></span> <span class='ocrx_word' id='word_1_415' title='bbox 1954 3776 1986 3840; x_wconf 92' lang='lat' dir='ltr'><strong>id</strong></span> <span class='ocrx_word' id='word_1_416' title='bbox 2009 3785 2080 3854; x_wconf 92' lang='lat' dir='ltr'><strong>est,</strong></span> <span class='ocrx_word' id='word_1_417' title='bbox 2103 3794 2181 3855; x_wconf 86' lang='lat' dir='ltr'><strong>vos,</strong></span> <span class='ocrx_word' id='word_1_418' title='bbox 2213 3787 2246 3838; x_wconf 91' lang='lat' dir='ltr'><strong>et</strong></span> <span class='ocrx_word' id='word_1_419' title='bbox 2264 3776 2354 3856; x_wconf 66' lang='lat' dir='ltr'><strong>aira,</strong></span> <span class='ocrx_word' id='word_1_420' title='bbox 2376 3776 2413 3842; x_wconf 90' lang='lat' dir='ltr'><strong>id</strong></span> <span class='ocrx_word' id='word_1_421' title='bbox 2430 3784 2485 3852; x_wconf 80' lang='lat' dir='ltr'><strong>est,</strong></span> 
     </span>
     <span class='ocr_line' id='line_1_35' title="bbox 472 3857 2486 3948; baseline -0 -23"><span class='ocrx_word' id='word_1_422' title='bbox 472 3857 587 3926; x_wconf 88' lang='lat' dir='ltr'><strong>soient</strong></span> <span class='ocrx_word' id='word_1_423' title='bbox 608 3862 657 3927; x_wconf 90' lang='lat' dir='ltr'><strong>eis</strong></span> <span class='ocrx_word' id='word_1_424' title='bbox 680 3865 714 3927; x_wconf 92' lang='lat' dir='ltr'><strong>iu</strong></span> <span class='ocrx_word' id='word_1_425' title='bbox 738 3860 860 3928; x_wconf 84' lang='lat' dir='ltr'><strong>collum</strong></span> <span class='ocrx_word' id='word_1_426' title='bbox 883 3864 1091 3945; x_wconf 86' lang='lat' dir='ltr'><strong>suspendere</strong></span> <span class='ocrx_word' id='word_1_427' title='bbox 1113 3865 1301 3946; x_wconf 90' lang='lat' dir='ltr'><strong>paeoniam,</strong></span> <span class='ocrx_word' id='word_1_428' title='bbox 1320 3872 1353 3926; x_wconf 90' lang='lat' dir='ltr'><strong>et</strong></span> <span class='ocrx_word' id='word_1_429' title='bbox 1375 3873 1455 3928; x_wconf 90' lang='lat' dir='ltr'><strong>tunc</strong></span> <span class='ocrx_word' id='word_1_430' title='bbox 1506 3864 1631 3948; x_wconf 88' lang='lat' dir='ltr'><strong>aperio.</strong></span> <span class='ocrx_word' id='word_1_431' title='bbox 1697 3862 1753 3926; x_wconf 86' lang='lat' dir='ltr'><strong>Du</strong></span> <span class='ocrx_word' id='word_1_432' title='bbox 1781 3862 1840 3928; x_wconf 81' lang='lat' dir='ltr'><strong>bot</strong></span> <span class='ocrx_word' id='word_1_433' title='bbox 1866 3882 1943 3927; x_wconf 82' lang='lat' dir='ltr'><strong>maa</strong></span> <span class='ocrx_word' id='word_1_434' title='bbox 1963 3863 2026 3927; x_wconf 83' lang='lat' dir='ltr'><strong>den</strong></span> <span class='ocrx_word' id='word_1_435' title='bbox 2055 3865 2135 3926; x_wconf 75' lang='lat' dir='ltr'><strong>ueta</strong></span> <span class='ocrx_word' id='word_1_436' title='bbox 2156 3858 2369 3944; x_wconf 71' lang='lat' dir='ltr'><strong>‹raffpetttoar</strong></span> <span class='ocrx_word' id='word_1_437' title='bbox 2405 3874 2438 3927; x_wconf 93' lang='lat' dir='ltr'><strong>et</strong></span> <span class='ocrx_word' id='word_1_438' title='bbox 2455 3860 2486 3924; x_wconf 93' lang='lat' dir='ltr'><strong>in</strong></span> 
     </span>
     <span class='ocr_line' id='line_1_36' title="bbox 472 3944 2485 4043; baseline 0 -30"><span class='ocrx_word' id='word_1_439' title='bbox 472 3958 552 4014; x_wconf 89' lang='lat' dir='ltr'><strong>sunt</strong></span> <span class='ocrx_word' id='word_1_440' title='bbox 575 3949 646 4014; x_wconf 90' lang='lat' dir='ltr'><strong>tuti.</strong></span> <span class='ocrx_word' id='word_1_441' title='bbox 690 3948 756 4013; x_wconf 82' lang='lat' dir='ltr'><strong>Die</strong></span> <span class='ocrx_word' id='word_1_442' title='bbox 774 3948 886 4033; x_wconf 75' lang='lat' dir='ltr'><strong>petbea</strong></span> <span class='ocrx_word' id='word_1_443' title='bbox 906 3948 1013 4013; x_wconf 74' lang='lat' dir='ltr'><strong>Lt&#39;lr&#39;en</strong></span> <span class='ocrx_word' id='word_1_444' title='bbox 1034 3948 1102 4013; x_wconf 82' lang='lat' dir='ltr'><strong>aad</strong></span> <span class='ocrx_word' id='word_1_445' title='bbox 1124 3946 1288 4013; x_wconf 77' lang='lat' dir='ltr'><strong>Paeonias</strong></span> <span class='ocrx_word' id='word_1_446' title='bbox 1315 3958 1455 4031; x_wconf 85' lang='lat' dir='ltr'><strong>prosunt</strong></span> <span class='ocrx_word' id='word_1_447' title='bbox 1506 3945 1657 4043; x_wconf 84' lang='lat' dir='ltr'><strong>profesto</strong></span> <span class='ocrx_word' id='word_1_448' title='bbox 1680 3946 1813 4015; x_wconf 84' lang='lat' dir='ltr'><strong>Martini</strong></span> <span class='ocrx_word' id='word_1_449' title='bbox 1835 3946 1958 4014; x_wconf 78' lang='lat' dir='ltr'><strong>familia</strong></span> <span class='ocrx_word' id='word_1_450' title='bbox 1988 3949 2087 4013; x_wconf 89' lang='lat' dir='ltr'><strong>ditior</strong></span> <span class='ocrx_word' id='word_1_451' title='bbox 2108 3948 2259 4013; x_wconf 87' lang='lat' dir='ltr'><strong>mittebat</strong></span> <span class='ocrx_word' id='word_1_452' title='bbox 2280 3944 2361 4014; x_wconf 86' lang='lat' dir='ltr'><strong>aliis</strong></span> <span class='ocrx_word' id='word_1_453' title='bbox 2382 3950 2485 4014; x_wconf 82' lang='lat' dir='ltr'><strong>vinum</strong></span> 
     </span>
     <span class='ocr_line' id='line_1_37' title="bbox 473 4032 2485 4123; baseline -0.002 -22"><span class='ocrx_word' id='word_1_454' title='bbox 473 4032 572 4101; x_wconf 83' lang='lat' dir='ltr'><strong>valde</strong></span> <span class='ocrx_word' id='word_1_455' title='bbox 594 4037 721 4119; x_wconf 88' lang='lat' dir='ltr'><strong>pectori</strong></span> <span class='ocrx_word' id='word_1_456' title='bbox 729 4059 739 4110; x_wconf 91' lang='lat'>;</span> <span class='ocrx_word' id='word_1_457' title='bbox 762 4049 794 4100; x_wconf 89' lang='lat' dir='ltr'><strong>et</strong></span> <span class='ocrx_word' id='word_1_458' title='bbox 818 4055 883 4123; x_wconf 81' lang='lat' dir='ltr'><strong>ego</strong></span> <span class='ocrx_word' id='word_1_459' title='bbox 906 4054 1009 4118; x_wconf 87' lang='lat' dir='ltr'><strong>saepe</strong></span> <span class='ocrx_word' id='word_1_460' title='bbox 1032 4035 1097 4099; x_wconf 86' lang='lat' dir='ltr'><strong>ista</strong></span> <span class='ocrx_word' id='word_1_461' title='bbox 1114 4032 1370 4118; x_wconf 89' lang='lat' dir='ltr'><strong>herbapaeonia</strong></span> <span class='ocrx_word' id='word_1_462' title='bbox 1389 4054 1455 4098; x_wconf 90' lang='lat' dir='ltr'><strong>me·</strong></span> <span class='ocrx_word' id='word_1_463' title='bbox 1508 4036 1646 4100; x_wconf 84' lang='lat' dir='ltr'><strong>honoris</strong></span> <span class='ocrx_word' id='word_1_464' title='bbox 1671 4054 1805 4114; x_wconf 87' lang='lat' dir='ltr'><strong>caussa,</strong></span> <span class='ocrx_word' id='word_1_465' title='bbox 1828 4047 1862 4099; x_wconf 89' lang='lat' dir='ltr'><strong>et</strong></span> <span class='ocrx_word' id='word_1_466' title='bbox 1883 4054 2026 4120; x_wconf 88' lang='lat' dir='ltr'><strong>quorum</strong></span> <span class='ocrx_word' id='word_1_467' title='bbox 2044 4054 2148 4118; x_wconf 88' lang='lat' dir='ltr'><strong>opera</strong></span> <span class='ocrx_word' id='word_1_468' title='bbox 2191 4055 2229 4098; x_wconf 91' lang='lat' dir='ltr'><strong>er</strong></span> <span class='ocrx_word' id='word_1_469' title='bbox 2244 4046 2356 4100; x_wconf 91' lang='lat' dir='ltr'><strong>totum</strong></span> <span class='ocrx_word' id='word_1_470' title='bbox 2373 4052 2485 4100; x_wconf 87' lang='lat' dir='ltr'><strong>annun</strong></span> 
     </span>
     <span class='ocr_line' id='line_1_38' title="bbox 473 4119 2484 4205; baseline 0 -18"><span class='ocrx_word' id='word_1_471' title='bbox 473 4122 605 4187; x_wconf 84' lang='lat' dir='ltr'><strong>dicatus</strong></span> <span class='ocrx_word' id='word_1_472' title='bbox 628 4142 702 4186; x_wconf 90' lang='lat' dir='ltr'><strong>sum</strong></span> <span class='ocrx_word' id='word_1_473' title='bbox 725 4122 821 4187; x_wconf 90' lang='lat' dir='ltr'><strong>tussi.</strong></span> <span class='ocrx_word' id='word_1_474' title='bbox 866 4119 1014 4187; x_wconf 89' lang='lat' dir='ltr'><strong>Paeonia</strong></span> <span class='ocrx_word' id='word_1_475' title='bbox 1035 4119 1140 4186; x_wconf 90' lang='lat' dir='ltr'><strong>babet</strong></span> <span class='ocrx_word' id='word_1_476' title='bbox 1161 4141 1282 4186; x_wconf 89' lang='lat' dir='ltr'><strong>numen</strong></span> <span class='ocrx_word' id='word_1_477' title='bbox 1311 4140 1332 4185; x_wconf 89' lang='lat' dir='ltr'><strong>a</strong></span> <span class='ocrx_word' id='word_1_478' title='bbox 1359 4139 1455 4205; x_wconf 87' lang='lat' dir='ltr'><strong>prae·</strong></span> <span class='ocrx_word' id='word_1_479' title='bbox 1507 4123 1561 4189; x_wconf 85' lang='lat' dir='ltr'><strong>usi</strong></span> <span class='ocrx_word' id='word_1_480' title='bbox 1583 4119 1734 4201; x_wconf 88' lang='lat' dir='ltr'><strong>inerunt,</strong></span> <span class='ocrx_word' id='word_1_481' title='bbox 1755 4123 1808 4186; x_wconf 81' lang='lat' dir='ltr'><strong>cia</strong></span> <span class='ocrx_word' id='word_1_482' title='bbox 1828 4120 1974 4186; x_wconf 77' lang='lat' dir='ltr'><strong>italiciter</strong></span> <span class='ocrx_word' id='word_1_483' title='bbox 1994 4122 2112 4186; x_wconf 63' lang='lat' dir='ltr'><strong>ranan</strong></span> <span class='ocrx_word' id='word_1_484' title='bbox 2132 4141 2169 4185; x_wconf 88' lang='lat' dir='ltr'><strong>sc</strong></span> <span class='ocrx_word' id='word_1_485' title='bbox 2236 4121 2314 4203; x_wconf 86' lang='lat' dir='ltr'><strong>&#39;der,</strong></span> <span class='ocrx_word' id='word_1_486' title='bbox 2336 4121 2484 4199; x_wconf 65' lang='lat' dir='ltr'><strong>adam,</strong></span> 
     </span>
     <span class='ocr_line' id='line_1_39' title="bbox 474 4204 2483 4294; baseline 0 -23"><span class='ocrx_word' id='word_1_487' title='bbox 474 4210 613 4285; x_wconf 82' lang='lat' dir='ltr'><strong>stantia3</strong></span> <span class='ocrx_word' id='word_1_488' title='bbox 650 4208 728 4293; x_wconf 87' lang='lat' dir='ltr'><strong>quia</strong></span> <span class='ocrx_word' id='word_1_489' title='bbox 767 4204 891 4294; x_wconf 78' lang='lat' dir='ltr'><strong>Apollo</strong></span> <span class='ocrx_word' id='word_1_490' title='bbox 926 4207 1105 4275; x_wconf 89' lang='lat' dir='ltr'><strong>remedium</strong></span> <span class='ocrx_word' id='word_1_491' title='bbox 1143 4204 1210 4273; x_wconf 85' lang='lat' dir='ltr'><strong>boc</strong></span> <span class='ocrx_word' id='word_1_492' title='bbox 1242 4207 1454 4273; x_wconf 86' lang='lat' dir='ltr'><strong>monstravit.</strong></span> <span class='ocrx_word' id='word_1_493' title='bbox 1510 4220 1574 4275; x_wconf 90' lang='lat' dir='ltr'><strong>etc.</strong></span> <span class='ocrx_word' id='word_1_494' title='bbox 1619 4206 1714 4273; x_wconf 84' lang='lat' dir='ltr'><strong>Haec</strong></span> <span class='ocrx_word' id='word_1_495' title='bbox 1735 4217 1951 4284; x_wconf 87' lang='lat' dir='ltr'><strong>mementote;</strong></span> <span class='ocrx_word' id='word_1_496' title='bbox 1974 4208 2052 4293; x_wconf 89' lang='lat' dir='ltr'><strong>quia</strong></span> <span class='ocrx_word' id='word_1_497' title='bbox 2073 4208 2106 4271; x_wconf 92' lang='lat' dir='ltr'><strong>in</strong></span> <span class='ocrx_word' id='word_1_498' title='bbox 2128 4206 2181 4271; x_wconf 88' lang='lat' dir='ltr'><strong>bis</strong></span> <span class='ocrx_word' id='word_1_499' title='bbox 2204 4208 2327 4272; x_wconf 82' lang='lat' dir='ltr'><strong>ritibus</strong></span> <span class='ocrx_word' id='word_1_500' title='bbox 2351 4220 2428 4274; x_wconf 88' lang='lat' dir='ltr'><strong>sunt</strong></span> <span class='ocrx_word' id='word_1_501' title='bbox 2446 4204 2483 4268; x_wconf 87' lang='lat' dir='ltr'><strong>si·</strong></span> 
     </span>
     <span class='ocr_line' id='line_1_40' title="bbox 474 4290 2481 4448; baseline -0.001 -90"><span class='ocrx_word' id='word_1_502' title='bbox 474 4293 660 4379; x_wconf 83' lang='lat' dir='ltr'><strong>Agnoscite</strong></span> <span class='ocrx_word' id='word_1_503' title='bbox 682 4315 786 4380; x_wconf 88' lang='lat' dir='ltr'><strong>opera</strong></span> <span class='ocrx_word' id='word_1_504' title='bbox 809 4294 872 4360; x_wconf 90' lang='lat' dir='ltr'><strong>Dei</strong></span> <span class='ocrx_word' id='word_1_505' title='bbox 900 4296 933 4359; x_wconf 90' lang='lat' dir='ltr'><strong>in</strong></span> <span class='ocrx_word' id='word_1_506' title='bbox 955 4308 1085 4359; x_wconf 90' lang='lat' dir='ltr'><strong>natura.</strong></span> <span class='ocrx_word' id='word_1_507' title='bbox 1509 4293 1922 4448; x_wconf 55' lang='lat' dir='ltr'><strong>pnipicationesvirtutpmt,</strong></span> <span class='ocrx_word' id='word_1_508' title='bbox 1946 4290 2194 4444; x_wconf 63' lang='lat' dir='ltr'><strong>bplneiicentiae,</strong></span> <span class='ocrx_word' id='word_1_509' title='bbox 2216 4304 2251 4442; x_wconf 54' lang='lat' dir='ltr'><strong>att</strong></span> <span class='ocrx_word' id='word_1_510' title='bbox 2267 4292 2481 4396; x_wconf 76' lang='lat' dir='ltr'><strong>gratitudinis.</strong></span> 
     </span>
    </p>

    <p class='ocr_par' dir='ltr' id='par_1_6' title="bbox 474 4394 2483 4638">
     <span class='ocr_line' id='line_1_41' title="bbox 1537 4394 2482 4447; baseline -0.005 -1"><span class='ocrx_word' id='word_1_511' title='bbox 1537 4402 1556 4446; x_wconf 89' lang='lat' dir='ltr'><strong>e</strong></span> <span class='ocrx_word' id='word_1_512' title='bbox 1601 4401 1643 4444; x_wconf 91' lang='lat' dir='ltr'><strong>un</strong></span> <span class='ocrx_word' id='word_1_513' title='bbox 1671 4400 1762 4445; x_wconf 78' lang='lat' dir='ltr'><strong>rimis</strong></span> <span class='ocrx_word' id='word_1_514' title='bbox 1789 4403 1830 4447; x_wconf 89' lang='lat' dir='ltr'><strong>co</strong></span> <span class='ocrx_word' id='word_1_515' title='bbox 1881 4401 1937 4445; x_wconf 91' lang='lat' dir='ltr'><strong>ae</strong></span> <span class='ocrx_word' id='word_1_516' title='bbox 1993 4400 2122 4444; x_wconf 84' lang='lat' dir='ltr'><strong>evera</strong></span> <span class='ocrx_word' id='word_1_517' title='bbox 2148 4401 2169 4444; x_wconf 93' lang='lat' dir='ltr'><strong>a</strong></span> <span class='ocrx_word' id='word_1_518' title='bbox 2193 4398 2321 4444; x_wconf 73' lang='lat' dir='ltr'><strong>nizone</strong></span> <span class='ocrx_word' id='word_1_519' title='bbox 2345 4394 2381 4445; x_wconf 89' lang='lat' dir='ltr'><strong>et</strong></span> <span class='ocrx_word' id='word_1_520' title='bbox 2401 4396 2482 4444; x_wconf 77' lang='lat' dir='ltr'><strong>rnro</strong></span> 
     </span>
     <span class='ocr_line' id='line_1_42' title="bbox 474 4401 2483 4638; baseline -0.001 -82"><span class='ocrx_word' id='word_1_521' title='bbox 474 4471 556 4556; x_wconf 92' lang='lat' dir='ltr'><strong>Ubi</strong></span> <span class='ocrx_word' id='word_1_522' title='bbox 588 4484 651 4556; x_wconf 82' lang='lat' dir='ltr'><strong>est</strong></span> <span class='ocrx_word' id='word_1_523' title='bbox 680 4472 839 4555; x_wconf 85' lang='lat' dir='ltr'><strong>initium</strong></span> <span class='ocrx_word' id='word_1_524' title='bbox 862 4472 1097 4556; x_wconf 77' lang='lat' dir='ltr'><strong>Pannoniae</strong></span> <span class='ocrx_word' id='word_1_525' title='bbox 1128 4472 1240 4584; x_wconf 90' lang='lat' dir='ltr'><strong>apud</strong></span> <span class='ocrx_word' id='word_1_526' title='bbox 1270 4471 1456 4559; x_wconf 70' lang='lat' dir='ltr'><strong>veteres?</strong></span> <span class='ocrx_word' id='word_1_527' title='bbox 1509 4401 2283 4638; x_wconf 47' lang='grc' dir='ltr'><strong>ἓξὲῗὲθὶξὲῑῑῑθὲῑ(ιὲῖυέῑξῑὲἓὶῇᾞῑεδθῃὲῗῑὸῃέδθ</strong></span> <span class='ocrx_word' id='word_1_528' title='bbox 2304 4463 2483 4533; x_wconf 66' lang='lat' dir='ltr'><strong>substanti</strong></span> 
     </span>
     <span class='ocr_line' id='line_1_43' title="bbox 1616 4597 2283 4631; baseline -0.003 0"><span class='ocrx_word' id='word_1_529' title='bbox 1616 4597 1627 4631; x_wconf 79' lang='lat' dir='ltr'><strong>s</strong></span> <span class='ocrx_word' id='word_1_530' title='bbox 2113 4598 2125 4629; x_wconf 78' lang='lat'><em>2</em></span> <span class='ocrx_word' id='word_1_531' title='bbox 2274 4598 2283 4616; x_wconf 94' lang='lat'><strong>·</strong></span> 
     </span>
    </p>

    <p class='ocr_par' dir='ltr' id='par_1_7' title="bbox 473 4634 2480 5415">
     <span class='ocr_line' id='line_1_44' title="bbox 561 4634 1454 4722; baseline 0 -20"><span class='ocrx_word' id='word_1_532' title='bbox 561 4638 591 4702; x_wconf 86' lang='grc' dir='ltr'>Α</span> <span class='ocrx_word' id='word_1_533' title='bbox 614 4649 726 4703; x_wconf 83' lang='lat' dir='ltr'><strong>nronte</strong></span> <span class='ocrx_word' id='word_1_534' title='bbox 748 4635 855 4701; x_wconf 80' lang='lat' dir='ltr'><strong>Catio.</strong></span> <span class='ocrx_word' id='word_1_535' title='bbox 889 4634 1004 4702; x_wconf 83' lang='lat' dir='ltr'><strong>Cetius</strong></span> <span class='ocrx_word' id='word_1_536' title='bbox 1027 4656 1123 4700; x_wconf 87' lang='lat' dir='ltr'><strong>mons</strong></span> <span class='ocrx_word' id='word_1_537' title='bbox 1146 4648 1209 4716; x_wconf 88' lang='lat' dir='ltr'><strong>est,</strong></span> <span class='ocrx_word' id='word_1_538' title='bbox 1238 4637 1335 4722; x_wconf 88' lang='lat' dir='ltr'><strong>quasi</strong></span> <span class='ocrx_word' id='word_1_539' title='bbox 1353 4638 1454 4716; x_wconf 90' lang='lat' dir='ltr'><strong>dicat,</strong></span> 
     </span>
     <span class='ocr_line' id='line_1_45' title="bbox 474 4723 2314 4842; baseline -0.001 -52"><span class='ocrx_word' id='word_1_540' title='bbox 474 4746 570 4790; x_wconf 87' lang='lat' dir='ltr'><strong>mons</strong></span> <span class='ocrx_word' id='word_1_541' title='bbox 594 4724 724 4803; x_wconf 79' lang='lat' dir='ltr'><strong>Ce&#39;iin&#39;rn,</strong></span> <span class='ocrx_word' id='word_1_542' title='bbox 748 4724 792 4788; x_wconf 89' lang='lat' dir='ltr'><strong>ibi</strong></span> <span class='ocrx_word' id='word_1_543' title='bbox 810 4724 924 4807; x_wconf 89' lang='lat' dir='ltr'><strong>incipit</strong></span> <span class='ocrx_word' id='word_1_544' title='bbox 952 4723 1125 4787; x_wconf 89' lang='lat' dir='ltr'><strong>Pannonia</strong></span> <span class='ocrx_word' id='word_1_545' title='bbox 1149 4727 1312 4808; x_wconf 85' lang='lat' dir='ltr'><strong>superior.</strong></span> <span class='ocrx_word' id='word_1_546' title='bbox 1356 4724 1456 4789; x_wconf 91' lang='lat' dir='ltr'><strong>Nori·</strong></span> <span class='ocrx_word' id='word_1_547' title='bbox 1696 4730 1806 4833; x_wconf 75' lang='lat' dir='ltr'><strong>Quid</strong></span> <span class='ocrx_word' id='word_1_548' title='bbox 1837 4748 1901 4813; x_wconf 65' lang='lat' dir='ltr'><strong>est</strong></span> <span class='ocrx_word' id='word_1_549' title='bbox 1930 4730 2149 4842; x_wconf 64' lang='lat' dir='ltr'><strong>adoptivus</strong></span> <span class='ocrx_word' id='word_1_550' title='bbox 2178 4728 2314 4813; x_wconf 64' lang='lat' dir='ltr'><strong>filius?</strong></span> 
     </span>
     <span class='ocr_line' id='line_1_46' title="bbox 475 4808 1453 4895; baseline -0.002 -18"><span class='ocrx_word' id='word_1_551' title='bbox 475 4834 550 4877; x_wconf 88' lang='lat' dir='ltr'><strong>cum</strong></span> <span class='ocrx_word' id='word_1_552' title='bbox 584 4811 639 4875; x_wconf 81' lang='lat' dir='ltr'><strong>but</strong></span> <span class='ocrx_word' id='word_1_553' title='bbox 666 4809 811 4895; x_wconf 76' lang='lat' dir='ltr'><strong>pereicbt</strong></span> <span class='ocrx_word' id='word_1_554' title='bbox 837 4829 901 4873; x_wconf 82' lang='lat' dir='ltr'><strong>oon</strong></span> <span class='ocrx_word' id='word_1_555' title='bbox 931 4808 1121 4874; x_wconf 66' lang='lat' dir='ltr'><strong>vermicu</strong></span> <span class='ocrx_word' id='word_1_556' title='bbox 1148 4809 1198 4874; x_wconf 75' lang='lat' dir='ltr'><strong>bn</strong></span> <span class='ocrx_word' id='word_1_557' title='bbox 1219 4808 1297 4893; x_wconf 84' lang='lat' dir='ltr'><strong>onff</strong></span> <span class='ocrx_word' id='word_1_558' title='bbox 1313 4809 1453 4893; x_wconf 69' lang='lat' dir='ltr'><strong>troya—a</strong></span> 
     </span>
     <span class='ocr_line' id='line_1_47' title="bbox 475 4893 2480 4982; baseline -0.002 -20"><span class='ocrx_word' id='word_1_559' title='bbox 475 4898 572 4982; x_wconf 84' lang='lat' dir='ltr'><strong>Apud</strong></span> <span class='ocrx_word' id='word_1_560' title='bbox 597 4898 774 4963; x_wconf 86' lang='lat' dir='ltr'><strong>Homerum</strong></span> <span class='ocrx_word' id='word_1_561' title='bbox 799 4907 852 4962; x_wconf 90' lang='lat' dir='ltr'><strong>est</strong></span> <span class='ocrx_word' id='word_1_562' title='bbox 874 4895 1013 4979; x_wconf 75' lang='grc' dir='ltr'><strong><em>Νώροπα</em></strong></span> <span class='ocrx_word' id='word_1_563' title='bbox 1034 4893 1164 4978; x_wconf 81' lang='grc' dir='ltr'><em>χαλκόν,</em></span> <span class='ocrx_word' id='word_1_564' title='bbox 1186 4897 1308 4974; x_wconf 89' lang='lat' dir='ltr'><strong>idest,</strong></span> <span class='ocrx_word' id='word_1_565' title='bbox 1330 4894 1454 4961; x_wconf 79' lang='lat' dir='ltr'><strong>ferrum</strong></span> <span class='ocrx_word' id='word_1_566' title='bbox 1593 4896 1668 4961; x_wconf 86' lang='lat' dir='ltr'><strong>Der</strong></span> <span class='ocrx_word' id='word_1_567' title='bbox 1677 4916 1722 4962; x_wconf 85' lang='lat' dir='ltr'><strong>on</strong></span> <span class='ocrx_word' id='word_1_568' title='bbox 1743 4896 1857 4964; x_wconf 67' lang='lat' dir='ltr'><strong>Piraion</strong></span> <span class='ocrx_word' id='word_1_569' title='bbox 1873 4898 1952 4962; x_wconf 84' lang='lat' dir='ltr'><strong>stad</strong></span> <span class='ocrx_word' id='word_1_570' title='bbox 1973 4899 2018 4962; x_wconf 83' lang='lat' dir='ltr'><strong>ist</strong></span> <span class='ocrx_word' id='word_1_571' title='bbox 2039 4914 2276 4982; x_wconf 69' lang='lat' dir='ltr'><strong>cupersanense,</strong></span> <span class='ocrx_word' id='word_1_572' title='bbox 2294 4909 2330 4963; x_wconf 90' lang='lat' dir='ltr'><strong>et</strong></span> <span class='ocrx_word' id='word_1_573' title='bbox 2352 4916 2420 4963; x_wconf 88' lang='lat' dir='ltr'><strong>non</strong></span> <span class='ocrx_word' id='word_1_574' title='bbox 2438 4902 2480 4958; x_wconf 70' lang='lat' dir='ltr'><strong>es</strong></span> 
     </span>
     <span class='ocr_line' id='line_1_48' title="bbox 473 4980 2479 5069; baseline -0.002 -22"><span class='ocrx_word' id='word_1_575' title='bbox 473 4984 642 5049; x_wconf 85' lang='lat' dir='ltr'><strong>Noricum.</strong></span> <span class='ocrx_word' id='word_1_576' title='bbox 709 4988 748 5050; x_wconf 85' lang='lat' dir='ltr'><strong>In</strong></span> <span class='ocrx_word' id='word_1_577' title='bbox 775 4985 836 5049; x_wconf 86' lang='lat' dir='ltr'><strong>der</strong></span> <span class='ocrx_word' id='word_1_578' title='bbox 867 4980 1096 5067; x_wconf 77' lang='lat' dir='ltr'><strong>Steyetrnorci</strong></span> <span class='ocrx_word' id='word_1_579' title='bbox 1128 4980 1186 5047; x_wconf 84' lang='lat' dir='ltr'><strong>bat</strong></span> <span class='ocrx_word' id='word_1_580' title='bbox 1213 5001 1289 5047; x_wconf 85' lang='lat' dir='ltr'><strong>mun</strong></span> <span class='ocrx_word' id='word_1_581' title='bbox 1321 4982 1456 5048; x_wconf 83' lang='lat' dir='ltr'><strong>itcstticb</strong></span> <span class='ocrx_word' id='word_1_582' title='bbox 1508 4995 1608 5048; x_wconf 87' lang='lat' dir='ltr'><strong>natus</strong></span> <span class='ocrx_word' id='word_1_583' title='bbox 1630 4985 1672 5048; x_wconf 89' lang='lat' dir='ltr'><strong>ab</strong></span> <span class='ocrx_word' id='word_1_584' title='bbox 1695 4980 1754 5047; x_wconf 91' lang='lat' dir='ltr'><strong>illo</strong></span> <span class='ocrx_word' id='word_1_585' title='bbox 1772 4995 1885 5069; x_wconf 88' lang='lat' dir='ltr'><strong>patre,</strong></span> <span class='ocrx_word' id='word_1_586' title='bbox 1908 4984 1968 5048; x_wconf 89' lang='lat' dir='ltr'><strong>sed</strong></span> <span class='ocrx_word' id='word_1_587' title='bbox 1991 4985 2142 5050; x_wconf 86' lang='lat' dir='ltr'><strong>adscitus</strong></span> <span class='ocrx_word' id='word_1_588' title='bbox 2153 4981 2231 5048; x_wconf 90' lang='lat' dir='ltr'><strong>loco</strong></span> <span class='ocrx_word' id='word_1_589' title='bbox 2243 4980 2320 5048; x_wconf 84' lang='lat' dir='ltr'><strong>filii:</strong></span> <span class='ocrx_word' id='word_1_590' title='bbox 2342 4983 2414 5048; x_wconf 88' lang='lat' dir='ltr'><strong>Nos</strong></span> <span class='ocrx_word' id='word_1_591' title='bbox 2434 4999 2479 5045; x_wconf 89' lang='lat' dir='ltr'><strong>su·</strong></span> 
     </span>
     <span class='ocr_line' id='line_1_49' title="bbox 474 5066 2479 5157; baseline -0.001 -24"><span class='ocrx_word' id='word_1_592' title='bbox 474 5071 580 5134; x_wconf 58' lang='lat' dir='ltr'><strong>nituit.</strong></span> <span class='ocrx_word' id='word_1_593' title='bbox 647 5067 708 5134; x_wconf 90' lang='lat' dir='ltr'><strong>ilia</strong></span> <span class='ocrx_word' id='word_1_594' title='bbox 741 5091 825 5157; x_wconf 89' lang='lat' dir='ltr'><strong>gens</strong></span> <span class='ocrx_word' id='word_1_595' title='bbox 854 5066 915 5134; x_wconf 84' lang='lat' dir='ltr'><strong>fuit</strong></span> <span class='ocrx_word' id='word_1_596' title='bbox 938 5083 1017 5134; x_wconf 86' lang='lat' dir='ltr'><strong>nota</strong></span> <span class='ocrx_word' id='word_1_597' title='bbox 1044 5069 1230 5154; x_wconf 80' lang='lat' dir='ltr'><strong>peregrinis</strong></span> <span class='ocrx_word' id='word_1_598' title='bbox 1253 5070 1456 5148; x_wconf 62' lang='lat' dir='ltr'><strong>nationibus</strong></span> <span class='ocrx_word' id='word_1_599' title='bbox 1508 5092 1582 5134; x_wconf 85' lang='lat' dir='ltr'><strong>mus</strong></span> <span class='ocrx_word' id='word_1_600' title='bbox 1616 5066 1672 5133; x_wconf 81' lang='lat' dir='ltr'><strong>filii</strong></span> <span class='ocrx_word' id='word_1_601' title='bbox 1707 5071 1915 5153; x_wconf 87' lang='lat' dir='ltr'><strong>adoptionis,</strong></span> <span class='ocrx_word' id='word_1_602' title='bbox 1947 5070 2007 5134; x_wconf 91' lang='lat' dir='ltr'><strong>sed</strong></span> <span class='ocrx_word' id='word_1_603' title='bbox 2031 5068 2089 5135; x_wconf 89' lang='lat' dir='ltr'><strong>iile</strong></span> <span class='ocrx_word' id='word_1_604' title='bbox 2106 5068 2195 5134; x_wconf 88' lang='lat' dir='ltr'><strong>fliius</strong></span> <span class='ocrx_word' id='word_1_605' title='bbox 2217 5080 2272 5134; x_wconf 91' lang='lat' dir='ltr'><strong>est</strong></span> <span class='ocrx_word' id='word_1_606' title='bbox 2288 5070 2479 5157; x_wconf 70' lang='lat' dir='ltr'><strong>unigenitae,</strong></span> 
     </span>
     <span class='ocr_line' id='line_1_50' title="bbox 474 5154 2480 5241; baseline 0.001 -23"><span class='ocrx_word' id='word_1_607' title='bbox 474 5171 611 5239; x_wconf 85' lang='lat' dir='ltr'><strong>propter</strong></span> <span class='ocrx_word' id='word_1_608' title='bbox 633 5154 843 5223; x_wconf 77' lang='lat' dir='ltr'><strong>ferramenta.</strong></span> <span class='ocrx_word' id='word_1_609' title='bbox 866 5154 990 5235; x_wconf 69' lang='lat' dir='ltr'><strong>Nortia,</strong></span> <span class='ocrx_word' id='word_1_610' title='bbox 1012 5156 1046 5221; x_wconf 86' lang='lat' dir='ltr'><strong>id</strong></span> <span class='ocrx_word' id='word_1_611' title='bbox 1069 5167 1134 5233; x_wconf 87' lang='lat' dir='ltr'><strong>est,</strong></span> <span class='ocrx_word' id='word_1_612' title='bbox 1156 5156 1357 5240; x_wconf 87' lang='lat' dir='ltr'><strong>septentrio;</strong></span> <span class='ocrx_word' id='word_1_613' title='bbox 1378 5157 1456 5241; x_wconf 82' lang='lat' dir='ltr'><strong>quia</strong></span> <span class='ocrx_word' id='word_1_614' title='bbox 1508 5169 1545 5221; x_wconf 89' lang='lat' dir='ltr'><strong>ut</strong></span> <span class='ocrx_word' id='word_1_615' title='bbox 1567 5154 1732 5220; x_wconf 87' lang='lat' dir='ltr'><strong>lohannes</strong></span> <span class='ocrx_word' id='word_1_616' title='bbox 1756 5159 1818 5221; x_wconf 86' lang='lat' dir='ltr'><strong>ait:</strong></span> <span class='ocrx_word' id='word_1_617' title='bbox 1858 5154 1994 5221; x_wconf 76' lang='lat' dir='ltr'><strong>Verbum</strong></span> <span class='ocrx_word' id='word_1_618' title='bbox 2026 5164 2101 5221; x_wconf 84' lang='lat' dir='ltr'><strong>erat</strong></span> <span class='ocrx_word' id='word_1_619' title='bbox 2130 5155 2229 5221; x_wconf 73' lang='lat' dir='ltr'><strong>Deru.</strong></span> <span class='ocrx_word' id='word_1_620' title='bbox 2275 5155 2378 5223; x_wconf 82' lang='lat' dir='ltr'><strong>item:</strong></span> <span class='ocrx_word' id='word_1_621' title='bbox 2408 5156 2480 5221; x_wconf 79' lang='lat' dir='ltr'><strong>Ara</strong></span> 
     </span>
     <span class='ocr_line' id='line_1_51' title="bbox 475 5240 2478 5330; baseline -0 -26"><span class='ocrx_word' id='word_1_622' title='bbox 475 5241 744 5324; x_wconf 84' lang='lat' dir='ltr'><strong>septentrionalis</strong></span> <span class='ocrx_word' id='word_1_623' title='bbox 766 5264 847 5329; x_wconf 86' lang='lat' dir='ltr'><strong>pars</strong></span> <span class='ocrx_word' id='word_1_624' title='bbox 870 5256 922 5307; x_wconf 88' lang='lat' dir='ltr'><strong>est</strong></span> <span class='ocrx_word' id='word_1_625' title='bbox 940 5263 1043 5329; x_wconf 70' lang='lat' dir='ltr'><strong>papea</strong></span> <span class='ocrx_word' id='word_1_626' title='bbox 1064 5242 1234 5322; x_wconf 85' lang='lat' dir='ltr'><strong>Liburnia,</strong></span> <span class='ocrx_word' id='word_1_627' title='bbox 1254 5243 1322 5306; x_wconf 81' lang='lat' dir='ltr'><strong>aad</strong></span> <span class='ocrx_word' id='word_1_628' title='bbox 1338 5242 1457 5308; x_wconf 86' lang='lat' dir='ltr'><strong>Adria·</strong></span> <span class='ocrx_word' id='word_1_629' title='bbox 1508 5262 1605 5327; x_wconf 83' lang='lat' dir='ltr'><strong>quam</strong></span> <span class='ocrx_word' id='word_1_630' title='bbox 1628 5242 1796 5308; x_wconf 79' lang='lat' dir='ltr'><strong>Abrabam</strong></span> <span class='ocrx_word' id='word_1_631' title='bbox 1817 5251 1905 5320; x_wconf 75' lang='grc' dir='ltr'><em>εναι,</em></span> <span class='ocrx_word' id='word_1_632' title='bbox 1927 5263 1985 5326; x_wconf 77' lang='lat' dir='ltr'><strong>epo</strong></span> <span class='ocrx_word' id='word_1_633' title='bbox 2004 5262 2084 5308; x_wconf 81' lang='lat' dir='ltr'><strong>sum.</strong></span> <span class='ocrx_word' id='word_1_634' title='bbox 2128 5240 2303 5307; x_wconf 81' lang='lat' dir='ltr'><strong>Debemus</strong></span> <span class='ocrx_word' id='word_1_635' title='bbox 2333 5256 2478 5330; x_wconf 75' lang='lat' dir='ltr'><strong>agnosca·</strong></span> 
     </span>
     <span class='ocr_line' id='line_1_52' title="bbox 477 5326 2477 5415; baseline -0.001 -25"><span class='ocrx_word' id='word_1_636' title='bbox 477 5326 543 5390; x_wconf 84' lang='lat' dir='ltr'><strong>tico</strong></span> <span class='ocrx_word' id='word_1_637' title='bbox 566 5329 649 5392; x_wconf 85' lang='lat' dir='ltr'><strong>sinu.</strong></span> <span class='ocrx_word' id='word_1_638' title='bbox 1224 5399 1226 5402; x_wconf 59' lang='grc'><strong>,</strong></span> <span class='ocrx_word' id='word_1_639' title='bbox 1509 5349 1547 5393; x_wconf 90' lang='lat' dir='ltr'><strong>re</strong></span> <span class='ocrx_word' id='word_1_640' title='bbox 1568 5326 1683 5409; x_wconf 87' lang='lat' dir='ltr'><strong>filium,</strong></span> <span class='ocrx_word' id='word_1_641' title='bbox 1704 5332 1791 5394; x_wconf 90' lang='lat' dir='ltr'><strong>sicut</strong></span> <span class='ocrx_word' id='word_1_642' title='bbox 1814 5351 1853 5396; x_wconf 86' lang='lat' dir='ltr'><strong>se</strong></span> <span class='ocrx_word' id='word_1_643' title='bbox 1875 5326 2045 5415; x_wconf 85' lang='lat' dir='ltr'><strong>patefecit,</strong></span> <span class='ocrx_word' id='word_1_644' title='bbox 2067 5340 2277 5414; x_wconf 77' lang='lat' dir='ltr'><strong>etpetamuS,</strong></span> <span class='ocrx_word' id='word_1_645' title='bbox 2299 5342 2340 5396; x_wconf 90' lang='lat' dir='ltr'><strong>nt</strong></span> <span class='ocrx_word' id='word_1_646' title='bbox 2362 5348 2423 5394; x_wconf 90' lang='lat' dir='ltr'><strong>nus</strong></span> <span class='ocrx_word' id='word_1_647' title='bbox 2437 5342 2477 5389; x_wconf 82' lang='lat' dir='ltr'><strong>re·</strong></span> 
     </span>
    </p>

    <p class='ocr_par' dir='ltr' id='par_1_8' title="bbox 1510 5414 2426 5503">
     <span class='ocr_line' id='line_1_53' title="bbox 1510 5414 2426 5503; baseline 0.002 -24"><span class='ocrx_word' id='word_1_648' title='bbox 1510 5425 1568 5500; x_wconf 79' lang='lat' dir='ltr'><strong>gat</strong></span> <span class='ocrx_word' id='word_1_649' title='bbox 1591 5436 1672 5480; x_wconf 85' lang='lat' dir='ltr'><strong>vera</strong></span> <span class='ocrx_word' id='word_1_650' title='bbox 1693 5416 1876 5503; x_wconf 78' lang='lat' dir='ltr'><strong>agnitione,</strong></span> <span class='ocrx_word' id='word_1_651' title='bbox 1900 5429 1933 5480; x_wconf 91' lang='lat' dir='ltr'><strong>et</strong></span> <span class='ocrx_word' id='word_1_652' title='bbox 1955 5417 2177 5481; x_wconf 88' lang='lat' dir='ltr'><strong>invocatione.</strong></span> <span class='ocrx_word' id='word_1_653' title='bbox 2211 5414 2387 5483; x_wconf 86' lang='lat' dir='ltr'><strong>Summum</strong></span> <span class='ocrx_word' id='word_1_654' title='bbox 2407 5438 2426 5481; x_wconf 92' lang='lat' dir='ltr'><strong>u</strong></span> 
     </span>
    </p>
   </div>
   <div class='ocr_carea' id='block_1_5' title="bbox 577 5502 2478 5619">
    <p class='ocr_par' dir='ltr' id='par_1_9' title="bbox 577 5502 2478 5619">
     <span class='ocr_line' id='line_1_54' title="bbox 577 5502 2478 5619; baseline -0.012 -31"><span class='ocrx_word' id='word_1_655' title='bbox 577 5505 659 5589; x_wconf 80' lang='lat' dir='ltr'><strong>Ubi</strong></span> <span class='ocrx_word' id='word_1_656' title='bbox 688 5504 765 5589; x_wconf 79' lang='lat' dir='ltr'><strong>fuit</strong></span> <span class='ocrx_word' id='word_1_657' title='bbox 796 5508 1029 5619; x_wconf 79' lang='lat' dir='ltr'><strong>Episcopus,</strong></span> <span class='ocrx_word' id='word_1_658' title='bbox 1061 5505 1100 5592; x_wconf 79' lang='lat' dir='ltr'><strong>S,</strong></span> <span class='ocrx_word' id='word_1_659' title='bbox 1131 5507 1358 5591; x_wconf 75' lang='lat' dir='ltr'><strong>Martinus?</strong></span> <span class='ocrx_word' id='word_1_660' title='bbox 1510 5511 1563 5565; x_wconf 82' lang='lat' dir='ltr'><strong>est</strong></span> <span class='ocrx_word' id='word_1_661' title='bbox 1585 5504 1728 5567; x_wconf 89' lang='lat' dir='ltr'><strong>retinere</strong></span> <span class='ocrx_word' id='word_1_662' title='bbox 1746 5505 1897 5581; x_wconf 87' lang='lat' dir='ltr'><strong>verbum,</strong></span> <span class='ocrx_word' id='word_1_663' title='bbox 1922 5512 1955 5568; x_wconf 92' lang='lat' dir='ltr'><strong>et</strong></span> <span class='ocrx_word' id='word_1_664' title='bbox 1977 5502 2129 5569; x_wconf 88' lang='lat' dir='ltr'><strong>confiteri</strong></span> <span class='ocrx_word' id='word_1_665' title='bbox 2151 5503 2346 5569; x_wconf 81' lang='lat' dir='ltr'><strong>veritatem:</strong></span> <span class='ocrx_word' id='word_1_666' title='bbox 2369 5514 2404 5569; x_wconf 86' lang='lat' dir='ltr'><strong>ut</strong></span> <span class='ocrx_word' id='word_1_667' title='bbox 2450 5516 2478 5561; x_wconf 74' lang='lat' dir='ltr'><strong>a·</strong></span> 
     </span>
    </p>
   </div>
   <div class='ocr_carea' id='block_1_6' title="bbox 1508 5588 2534 5737">
    <p class='ocr_par' dir='ltr' id='par_1_10' title="bbox 1508 5588 2534 5737">
     <span class='ocr_line' id='line_1_55' title="bbox 1508 5588 2534 5737; baseline 0.007 -87"><span class='ocrx_word' id='word_1_668' title='bbox 1508 5588 1565 5651; x_wconf 83' lang='lat' dir='ltr'><strong>vid</strong></span> <span class='ocrx_word' id='word_1_669' title='bbox 1596 5589 1720 5672; x_wconf 84' lang='lat' dir='ltr'><strong>inquit:</strong></span> <span class='ocrx_word' id='word_1_670' title='bbox 1753 5589 1864 5654; x_wconf 79' lang='lat' dir='ltr'><strong>Labie</strong></span> <span class='ocrx_word' id='word_1_671' title='bbox 1895 5610 1966 5655; x_wconf 85' lang='lat' dir='ltr'><strong>mco</strong></span> <span class='ocrx_word' id='word_1_672' title='bbox 1993 5590 2141 5675; x_wconf 65' lang='lat' dir='ltr'><strong>operies,</strong></span> <span class='ocrx_word' id='word_1_673' title='bbox 2168 5596 2200 5653; x_wconf 85' lang='lat' dir='ltr'><strong>ct</strong></span> <span class='ocrx_word' id='word_1_674' title='bbox 2227 5590 2480 5657; x_wconf 70' lang='lat' dir='ltr'><strong>ammantica</strong></span> <span class='ocrx_word' id='word_1_675' title='bbox 2525 5676 2534 5737; x_wconf 57' lang='grc'>1</span> 
     </span>
    </p>
   </div>
   <div class='ocr_carea' id='block_1_7' title="bbox 563 5668 1850 5760">
    <p class='ocr_par' dir='ltr' id='par_1_11' title="bbox 563 5668 1850 5760">
     <span class='ocr_line' id='line_1_56' title="bbox 563 5668 1850 5760; baseline 0.004 -25"><span class='ocrx_word' id='word_1_676' title='bbox 563 5668 730 5737; x_wconf 83' lang='lat' dir='ltr'><strong>Discessit</strong></span> <span class='ocrx_word' id='word_1_677' title='bbox 751 5695 794 5738; x_wconf 88' lang='lat' dir='ltr'><strong>ex</strong></span> <span class='ocrx_word' id='word_1_678' title='bbox 817 5671 946 5750; x_wconf 82' lang='lat' dir='ltr'><strong>miiitia3</strong></span> <span class='ocrx_word' id='word_1_679' title='bbox 969 5674 1046 5760; x_wconf 90' lang='lat' dir='ltr'><strong>qnia</strong></span> <span class='ocrx_word' id='word_1_680' title='bbox 1067 5669 1214 5738; x_wconf 88' lang='lat' dir='ltr'><strong>lulianus</strong></span> <span class='ocrx_word' id='word_1_681' title='bbox 1241 5673 1360 5759; x_wconf 89' lang='lat' dir='ltr'><strong>impius</strong></span> <span class='ocrx_word' id='word_1_682' title='bbox 1381 5693 1456 5739; x_wconf 90' lang='lat' dir='ltr'><strong>sae·</strong></span> <span class='ocrx_word' id='word_1_683' title='bbox 1478 5696 1485 5738; x_wconf 85' lang='lat' dir='ltr'><strong>t</strong></span> <span class='ocrx_word' id='word_1_684' title='bbox 1507 5695 1608 5739; x_wconf 82' lang='lat' dir='ltr'><strong>meam</strong></span> <span class='ocrx_word' id='word_1_685' title='bbox 1628 5675 1743 5741; x_wconf 61' lang='lat' dir='ltr'><strong>lnam</strong></span> <span class='ocrx_word' id='word_1_686' title='bbox 1764 5683 1850 5743; x_wconf 75' lang='lat' dir='ltr'><strong>iaus.</strong></span> 
     </span>
    </p>
   </div>
   <div class='ocr_carea' id='block_1_8' title="bbox 2519 5748 2534 5813">
    <p class='ocr_par' dir='ltr' id='par_1_12' title="bbox 2519 5748 2534 5813">
     <span class='ocr_line' id='line_1_57' title="bbox 2519 5748 2534 5813; baseline 0 0"><span class='ocrx_word' id='word_1_687' title='bbox 2519 5748 2534 5813; x_wconf 77' lang='lat' dir='ltr'><strong>i</strong></span> 
     </span>
    </p>
   </div>
   <div class='ocr_carea' id='block_1_9' title="bbox 0 0 2972 6709">
    <p class='ocr_par' dir='ltr' id='par_1_13' title="bbox 0 0 2972 6709">
     <span class='ocr_line' id='line_1_58' title="bbox 0 0 2972 6709; baseline 0 2"><span class='ocrx_word' id='word_1_688' title='bbox 0 0 2972 6709; x_wconf 95' lang='lat' dir='ltr'><strong> </strong></span> 
     </span>
    </p>
   </div>
  </div>
 </body>
</html>
