5934 6709
471 694 537 763 scr
1105 694 1218 762 rurs.
1241 694 1347 763 nen.
1369 696 1561 763 sontem
1581 674 1847 762 moratos.
2420 688 2492 760 sos

473 882 619 945 &ml
637 882 732 963 meir,
754 883 875 969 quibas
896 880 992 949 Deua
1014 883 1153 950 mirabili
1168 881 1343 951 clementia
1359 882 1453 950 leniit
1588 883 1758 971 Theognis
1779 882 1812 947 in
1837 882 1899 947 aits
1921 880 2064 961 Vereor,
2084 902 2129 947 na
2150 881 2246 947 navis
2260 882 2487 968 penitussub·

474 969 680 1049 muntem,
701 971 790 1034 sicut
810 969 912 1035 lrotlie
934 971 998 1036 sub
1020 969 1150 1044 Turris,
1177 992 1376 1058 quamquam
1399 980 1451 1035 est
1503 986 1685 1059 mergatur,
1706 990 1792 1033 rocas
1840 971 1864 1028 'e
1886 968 2040 1050 scbifflent
2062 972 2172 1031 ausin
2187 966 2271 1031 sind.
2316 968 2406 1034 ldem
2427 988 2488 1055 pc·

475 1056 579 1160 tristis
602 1068 635 1121 et
657 1075 778 1138 aspera
800 1058 956 1121 servitus.
1003 1054 1072 1121 Viri
1096 1054 1200 1122 sortes
1224 1057 1393 1123 debebant
1403 1056 1450 1121 di·
1503 1070 1570 1123 test
1592 1057 1669 1137 dici,
1687 1058 1745 1121 ubi
1768 1055 1831 1139 ipsi
1852 1056 2013 1121 doctores
2030 1056 2118 1121 inter
2137 1076 2177 1121 se
2198 1054 2373 1121 dissident.
2399 1054 2488 1122 Nam

473 1143 1029 1300 sztst·t.lt2‘:¹tt.t.t‘t
1042 1142 1452 1295 ‘lituristtti
1631 1210 1757 1323 ff,
1774 1210 1818 1223 -
1838 1182 2084 1323 werpe
2223 1261 2256 1321 ἡ,
2277 1264 2372 1323 m,

474 1313 656 1377 seditiones
677 1312 744 1378 bac
767 1311 964 1397 phantasia?
986 1315 1091 1381 disus
1111 1337 1170 1377 cns
1191 1314 1362 1397 Sielsirpes
1380 1324 1450 1380 erat
1756 1281 1793 1322 ω
1813 1281 1843 1323 ⁰⁸
1903 1306 1912 1335 '
1934 1282 1954 1323 ⁰
1992 1280 2088 1344 ψ
2107 1261 2223 1342 m
2372 1306 2383 1326 '

473 1400 583 1463 botrus
606 1399 718 1477 horno,
745 1400 807 1464 sed
837 1414 908 1464 erat
930 1398 990 1465 illa
1014 1403 1233 1486 persuasione
1255 1398 1451 1481 fascinatus,
1502 1397 1581 1461 Also
1600 1396 1698 1479 peiren
1720 1396 1773 1457 die
1795 1395 1935 1481 imperia
1963 1419 1999 1459 za
2026 1398 2142 1480 boda,
2175 1418 2262 1462 cens
2292 1419 2365 1460 moa
2391 1396 2490 1460 notu

427 1492 433 1500 ’
472 1485 745 1636 mittit.
758 1483 1452 1639 lll¹¹.‘.‘l..⁰⁰i⁸llin¹.¹¹ibiflii'inffii'
1501 1481 2042 1637 tiit..li.⁸¹¹tttl⁸.t⁵ttitz
2064 1486 2314 1638 iiiiii?
2348 1505 2392 1549 ⁸¹
2419 1484 2490 1550 ‘¹¹²‘

545 1616 554 1635 s
944 1595 953 1636 l
1064 1619 1072 1633 ι
1130 1596 1149 1638 ll
1233 1597 1241 1637 l
1372 1630 1374 1634 .
1440 1607 1451 1619 '
1719 1614 1729 1648 5
1848 1590 1855 1636 l
1899 1620 1907 1634 ι

474 1675 563 1733 cere,
582 1658 760 1721 restituere
782 1659 909 1729 studia.
944 1671 977 1722 et
998 1657 1173 1743 pulchrum
1196 1671 1336 1724 statum:
1362 1658 1449 1719 Dor·
1590 1655 1792 1740 despondeo
1814 1656 1857 1721 ad
1880 1654 2057 1721 Maiorem:
2086 1654 2211 1722 Coetus
2233 1657 2308 1720 sine
2328 1656 2490 1742 imperio,

471 1741 555 1805 nocis
586 1762 652 1802 scor
684 1741 742 1804 der
773 1741 911 1808 Bocren
942 1742 1065 1806 iernen.
1111 1744 1210 1822 hem,
1242 1746 1281 1806 is
1302 1744 1453 1809 &ducite
1503 1761 1571 1807 non
1593 1756 1645 1807 est
1667 1739 1838 1812 durabilis.
1861 1740 2003 1821 scilicet,
2025 1743 2088 1807 nisi
2111 1754 2269 1809 servante
2292 1740 2380 1807 Deo.
2421 1741 2489 1812 Ec·

471 1830 568 1908 pinpo
590 1848 623 1889 es
645 1828 725 1892 osrlr
747 1850 789 1894 aa
816 1834 871 1891 mit
901 1829 1018 1894 diesem
1040 1829 1210 1915 Gesedrey.
1252 1828 1347 1895 Talia
1370 1830 1453 1899 liunt
1498 1824 1610 1892 ¹clesia
1632 1827 1733 1892 habet
1755 1828 2025 1912 promissionem,
2076 1829 2143 1894 uod
2164 1827 2319 1893 Ecclesia
2348 1828 2393 1892 sit
2414 1848 2489 1893 ser·

473 1915 662 1979 inmundo.
711 1914 770 1979 Ιώ
797 1915 890 1976 volte
917 1916 998 1980 card
1025 1935 1121 1998 peras
1147 1925 1205 1999 put
1231 1915 1316 1979 ledea
1342 1917 1451 1982 tatem
1504 1915 1628 1980 venda:
1652 1911 1698 1974 Es
1718 1916 1762 1975 ist
1779 1936 1854 1984 scor,
1877 1934 1964 1978 mean
1980 1917 2031 1976 eia
2076 1916 2132 1996 inp
2153 1915 2224 1976 teta
2245 1917 2398 1995 repiment
2418 1912 2489 1994 iot,

477 1998 575 2062 Wean
596 2004 671 2062 scirs
698 2001 773 2063 ater
798 2003 887 2066 nats
907 2001 1016 2074 hbes,
1045 2025 1084 2066 so
1104 2025 1223 2066 messer
1245 2007 1304 2068 teir
1322 2007 1453 2068 missen:
1503 2021 1540 2061 so
1562 1998 1726 2072 setores,
1748 2000 1798 2061 als
1818 1998 1909 2064 scolis
1929 2023 1964 2062 za
1981 2001 2091 2063 leodem
2111 2001 2219 2083 petor,
2242 2000 2490 2065 etsottelsdss

472 2084 568 2151 Beati
591 2107 758 2172 pauperes
780 2089 910 2172 spiritu.
1505 2086 1585 2148 anci
1617 2085 1686 2148 oisc
1719 2089 1878 2151 metretas.
1923 2084 2007 2152 Corn
2039 2101 2131 2153 esset
2151 2086 2375 2160 aristocratia
2407 2097 2489 2154 ante

1506 2168 1650 2254 Saulem,
1683 2169 1842 2237 volebant
1874 2170 2001 2239 habere
2033 2194 2183 2260 regnum.
2227 2172 2295 2238 Sed
2317 2170 2394 2236 Deo
2416 2193 2487 2239 non

755 2281 874 2365 i...
906 2280 1179 2368 nm...
1505 2255 1975 2424 trististristis
1993 2257 2488 2430 mitisssimus

560 2426 713 2493 Diximus
736 2429 778 2493 de
800 2450 894 2509 caso,
917 2443 951 2497 ot
972 2432 1015 2495 de
1037 2432 1168 2499 ratione
1179 2433 1361 2499 dubitandi.
1385 2431 1453 2496 lant
1506 2433 1538 2496 in
1561 2432 1626 2495 isto
1671 2428 1786 2516 opulo,
1814 2441 1850 2494 et
1883 2442 1992 2495 tatnen
2020 2444 2140 2517 postea
2169 2431 2342 2496 constituit
2364 2432 2417 2499 eis
2439 2452 2487 2496 re

473 2515 516 2580 de
536 2515 687 2579 doctriua
710 2526 743 2581 et
765 2517 894 2582 ratione
915 2518 1101 2597 decidendi,
1123 2538 1184 2586 seu
1207 2515 1454 2584 defundamen·
1506 2537 1593 2603 gem.
1667 2514 1791 2581 eclesia
1814 2536 1881 2581 non
1913 2527 1967 2581 est
2000 2536 2151 2603 regnum,
2183 2529 2217 2582 et
2239 2537 2306 2581 non
2329 2530 2490 2582 servatur

474 2602 516 2666 tis
534 2598 722 2665 solutionis.
768 2601 829 2666 Est
862 2602 963 2691 igitur
994 2602 1050 2668 liic
1083 2606 1235 2670 doctrina
1266 2607 1308 2670 de
1337 2604 1454 2668 discri-
1506 2602 1658 2668 humanis
1681 2603 1873 2687 praesidiis3
1902 2613 1950 2681 ut,
1974 2604 2108 2690 quando
2127 2603 2266 2668 redeunt
2287 2622 2330 2667 ex
2351 2603 2489 2689 captivi-

473 2688 561 2752 ntiae
582 2687 850 2772 promissionum,
878 2686 1035 2755 videlicet
1057 2692 1289 2775 promissionis
1313 2690 1452 2779 gratiae,
1506 2699 1575 2753 tate
1601 2685 1809 2775 Babylonica
1841 2685 1944 2753 multa
1972 2686 2075 2754 millia
2104 2687 2288 2767 hominum,
2316 2688 2490 2755 habehant

473 2784 506 2838 et
527 2773 783 2858 promissionum
807 2773 1041 2859 corporalium.
1504 2793 1708 2859 puerperas,
1737 2770 1938 2851 inlantulos,
1959 2772 2052 2855 iopen
2074 2777 2108 2836 in
2130 2776 2191 2837 den
2214 2776 2371 2839 cavernis
2393 2795 2488 2839 mon·

559 2858 738 2925 Secundus
760 2856 870 2938 locus,
894 2875 946 2927 est
969 2863 1118 2927 doctrina
1141 2863 1183 2926 de
1210 2882 1312 2928 croce
1334 2858 1453 2927 Eccle·
1508 2863 1596 2924 rium.
1622 2858 1676 2923 Ah
1699 2858 1855 2938 Domine,
1876 2859 2010 2924 saintet
2033 2859 2227 2941 Zacharias,
2251 2863 2330 2946 quid
2344 2860 2490 2927 iaciam‘i

473 2945 564 3021 siae;
585 2957 638 3023 et,
666 2966 709 3010 an
737 2958 891 3029 oporteat
919 2944 1105 3014 Ecclesiam
1133 2947 1259 3013 habere
1286 2944 1453 3034 politicam
1507 2945 1699 3031 Respondet
1721 2945 1901 3011 Dominus:
1924 2945 2001 3011 Non
2023 2948 2057 3012 in
2080 2950 2213 3027 robore,
2236 2959 2298 3012 eto.
2326 2946 2377 3012 lta
2399 2967 2490 3013 nunc

472 3042 671 3116 potestatem
694 3043 728 3096 et
749 3031 922 3117 Imperium
945 3035 1157 3114 mundanum,
1179 3034 1391 3121 etquonrodo
1404 3054 1453 3099 re·
1506 3046 1615 3097 manet
1636 3029 1793 3097 Ecclesia
1815 3030 1897 3098 Filio
1920 3030 1983 3098 Dei
2005 3048 2239 3109 conservante,
2261 3043 2489 3111 sustentante,

473 3129 584 3204 gutur,
605 3118 635 3181 si
658 3136 725 3182 non
747 3116 849 3183 babet
870 3120 1053 3204 imperium.
1095 3118 1228 3187 'l'ertius
1257 3121 1299 3186 de
1319 3118 1454 3206 politica
1506 3119 1562 3180 obs
1582 3116 1679 3179 sciron
1701 3117 1846 3200 sapleicb
1864 3121 1918 3197 ist,
1939 3132 2050 3185 tamen
2074 3130 2303 3185 conservator.
2348 3117 2490 3203 Tempo-

474 3204 676 3280 obedientia,
698 3213 731 3269 et
754 3205 797 3269 de
817 3206 1006 3271 obedientia
1023 3204 1097 3271 Deo
1116 3208 1236 3271 debita.
1281 3206 1318 3272 ln
1339 3208 1453 3293 singu·
1505 3206 1599 3271 ribus
1625 3201 1822 3270 Diocletiani
1840 3202 1996 3287 Ecclesia
2015 3226 2084 3271 non
2106 3202 2220 3270 inbuit
2242 3202 2311 3271 nlla
2340 3204 2488 3270 bumana

472 3286 517 3354 lis
540 3291 687 3355 materiis
709 3295 753 3352 iet
773 3282 845 3352 seir
865 3291 929 3353 ciel
942 3292 1032 3374 dinp,
1054 3293 1096 3358 de
1118 3295 1240 3378 quibus
1261 3294 1363 3359 rebus
1385 3312 1452 3358 nra·
1505 3290 1691 3377 praesidia3
1737 3293 1959 3357 ressabantor.
1978 3291 2095 3357 ineam
2108 3289 2253 3378 Tyranni
2271 3287 2487 3356 horribiliter.

472 3377 569 3441 ainis
590 3377 801 3461 disputarunt
823 3374 869 3443 illi
891 3379 1042 3444 homines
1064 3380 1097 3445 in
1120 3381 1186 3445 isto
1228 3375 1340 3466 opulo.
1377 3377 1454 3441 Wos
1504 3375 1660 3438 Doraocls
1680 3312 1827 3443 lulianus
1848 3377 2001 3454 sciretis,
2031 3379 2064 3442 in
2094 3378 2239 3464 quodam
2262 3378 2395 3457 edicto,
2418 3394 2489 3438 issa

472 3461 571 3524 sollers
591 3465 650 3523 sois
670 3462 869 3543 turbulenti,
902 3465 984 3529 ebrii
1008 3463 1165 3530 Germani
1238 3485 1314 3527 raon
1340 3473 1453 3527 mste·
1505 3462 1557 3525 sol
1586 3461 1679 3524 idaea
1701 3464 1756 3526 die
1776 3470 1869 3545 pater
1889 3464 2025 3541 aelmon,
2048 3466 2125 3550 quta
2147 3465 2246 3529 sitin
2265 3460 2488 3551 eommiege:

470 3548 553 3611 tear
572 3552 632 3610 scir
648 3551 755 3629 nizea,
776 3549 938 3632 scheqer,
959 3548 1026 3611 und
1047 3548 1140 3615 masa
1151 3550 1356 3613 decinicbts.
1386 3551 1455 3613 Odi
1508 3548 1604 3611 Beati
1620 3569 1778 3632 pauperes
1798 3554 1930 3633 spirita,
1958 3570 1997 3616 se
2027 3548 2116 3616 velle
2137 3570 2339 3635 promovere
2361 3568 2424 3614 eos
2446 3546 2489 3613 sd

472 3643 617 3716 arpalum
639 3636 734 3696 ciuem
754 3637 958 3716 essartare,
974 3639 1056 3699 sicui
1064 3641 1244 3718 praeficias,
1266 3636 1452 3720 reptilerln
1504 3656 1645 3722 regnum
1668 3632 1850 3702 coelorum.
1899 3635 1975 3699 Wer
1993 3636 2055 3700 dett
2076 3636 2216 3701 sotades
2235 3635 2304 3716 tot,
2328 3634 2415 3717 dorp
2431 3634 2488 3714 fir

472 3718 686 3788 Truculento.
713 3721 1006 3806 tt’osistspmdt?
1037 3722 1189 3805 Asculum
1200 3727 1295 3786 ciuem
1306 3728 1373 3786 sine
1394 3728 1455 3786 oir-
1505 3722 1567 3785 den
1586 3729 1660 3872 ffel
1680 3721 1767 3784 nicht
1787 3744 1912 3804 serpen.

472 3816 551 3888 tete,
574 3820 673 3873 vocut
695 3806 879 3874 clamosum
903 3811 1156 3895 disputatorem,
1180 3811 1453 3883 martenesiae.
1621 3809 1703 3873 ertia
1726 3810 1889 3887 doctrina,
1911 3807 2232 3875 estdeobedientia:
2254 3804 2485 3874 deillodictos

473 3893 574 3961 talen
597 3894 651 3959 odi
683 3893 775 3963 sicut
804 3894 975 3962 mulierem
1003 3897 1201 3961 conductam
1224 3898 1267 3962 ad
1293 3894 1453 3963 lamenta·
1505 3893 1682 3956 Persolcite
1717 3893 1859 3968 Caesari,
1892 3914 1973 3978 quoe
2005 3900 2077 3955 srmt
2111 3894 2267 3958 Caesaris.
2313 3893 2379 3959 Hic
2408 3889 2487 3957 iacit

473 3981 610 4059 tionem,
643 3982 702 4043 saie
733 3980 788 4042 dis
819 3984 911 4044 weiss
940 3980 1000 4067 bey
1020 3981 1112 4042 tarsen
1133 3985 1178 4043 ist
1197 4002 1356 4065 procrea,
1388 3982 1455 4044 arrd
1507 3979 1661 4047 Christus
1684 3981 1861 4046 discrimen
1885 3980 1981 4067 regni
1997 3982 2135 4060 aeterni,
2156 3993 2189 4044 et
2207 3982 2300 4067 regni
2312 3978 2486 4045 inundauit

473 4066 562 4132 seced.
607 4066 679 4140 Itzt,
711 4086 797 4131 mm
829 4069 881 4128 eia
911 4065 1103 4135 canonicus
1131 4070 1242 4149 suros,
1274 4091 1311 4131 so
1344 4070 1456 4151 dirpsi
1507 4065 1570 4141 vel,
1593 4068 1769 4131 discrimen
1792 4065 1980 4140 Ecclesiae,
2014 4078 2047 4133 et
2069 4067 2163 4154 regni
2185 4064 2327 4151 politici,
2350 4062 2485 4131 liberta·

474 4173 545 4214 maa
567 4142 680 4216 esseio
701 4153 765 4216 olto
785 4152 911 4234 atton,
929 4155 984 4217 «tte
1004 4155 1050 4215 do
1072 4154 1142 4217 stad
1157 4158 1205 4216 sie
1219 4158 1346 4232 worn,
1368 4172 1455 4216 wera
1506 4154 1551 4239 tis
1573 4151 1769 4239 spiritualis,
1792 4165 1826 4219 et
1848 4150 2071 4238 corporalium
2095 4155 2299 4218 servitutum.
2329 4150 2378 4213 Er
2400 4156 2485 4233 sapt.-

474 4259 544 4301 mon
565 4242 612 4301 sie
634 4239 768 4321 depredt.
813 4240 891 4304 Mors
909 4243 1009 4323 pfiept
1026 4248 1113 4304 soast
1131 4263 1166 4305 ss
1182 4263 1297 4325 sapen:
1319 4240 1452 4306 lilortoo
1505 4236 1699 4326 persolvite.
1733 4237 1857 4305 straete
1874 4240 1935 4302 dos
1951 4247 2030 4304 saort
2048 4237 2227 4318 ἀποδοῦναι,
2248 4238 2310 4300 dos
2331 4238 2417 4302 beist
2438 4238 2484 4298 br·

475 4324 658 4406 Canonico,
681 4324 801 4411 triplex
824 4339 877 4393 est
898 4330 1067 4414 gaudium.
1113 4329 1143 4394 l.
1177 4327 1224 4390 Es
1246 4331 1364 4409 fratrer
1385 4327 1455 4390 sicis
1506 4326 1623 4398 rabien,
1651 4346 1717 4389 scos
1748 4346 1819 4387 mos
1851 4325 1998 4408 solinidip
2026 4328 2078 4388 ist.
2126 4326 2202 4390 Non
2231 4325 2336 4390 utitur
2365 4326 2485 4389 verbo:

475 4409 609 4490 diaboli,
633 4412 711 4473 dass
731 4416 778 4475 sie
799 4412 853 4474 dia
874 4414 953 4477 serie
973 4415 1164 4486 beiommem
1196 4416 1229 4483 2.
1252 4416 1317 4477 Die
1338 4414 1454 4488 Erbra,
1505 4413 1643 4483 reddite,
1677 4408 1743 4489 vel,
1775 4412 1865 4492 aare,
1899 4414 1960 4478 sed
1988 4410 2162 4493 persolvite
2183 4409 2328 4472 debitam.
2374 4410 2486 4477 Primo

474 4499 552 4561 does
571 4500 620 4565 sie
642 4498 704 4561 dos
729 4507 788 4582 pat
816 4498 1005 4574 delommear
1038 4500 1070 4566 3.
1093 4502 1152 4563 dar
1173 4522 1373 4583 successor,
1396 4501 1455 4564 der
1506 4499 1587 4585 quid
1620 4499 1780 4564 debemus
1812 4497 1911 4564 nent
1953 4498 2086 4580 Diiipos
2117 4497 2281 4559 Dominam
2314 4496 2419 4558 Dema
2446 4514 2485 4556 es

474 4584 529 4648 dle
574 4586 741 4651 raebentle
763 4586 920 4669 descript,
953 4599 989 4652 ut
1016 4585 1168 4654 biarchio
1190 4586 1350 4653 Albertus
1373 4590 1455 4653 dixit
1506 4593 1574 4647 toto
1596 4584 1703 4653 corde,
1725 4591 1757 4648 et
1771 4588 1950 4666 proxirntcn
1971 4593 2055 4648 tirum
2076 4586 2158 4646 sicut
2180 4589 2211 4644 ie
2231 4587 2349 4665 ipsam.-
2370 4582 2485 4648 trusa

475 4672 517 4737 ad
536 4606 746 4738 &ordinalem
769 4673 1019 4759 Augustannms
1045 4674 1103 4737 lltr
1130 4673 1222 4736 iobis
1248 4675 1351 4736 besses
1372 4676 1455 4737 dena
1505 4671 1589 4733 dos?
1609 4670 1694 4736 Non.
1737 4670 1915 4744 Quomodo
1936 4673 2037 4759 igitur
2058 4667 2247 4776 persolvis?
2277 4670 2414 4756 quando
2437 4688 2486 4739 sc,

474 4759 542 4819 scir.
584 4759 641 4821 lbr
661 4758 737 4821 tots
758 4761 889 4840 petuisse
908 4758 1067 4841 lerbmpe,
1088 4780 1176 4822 unm
1197 4760 1248 4823 ilsr
1269 4761 1395 4835 stertet,
1417 4782 1454 4822 so
1530 4778 1590 4823 uor
1610 4755 1679 4822 hoc
1700 4770 1915 4843 praeceptum
1943 4769 2068 4823 aeterni
2097 4757 2216 4840 patris:
2249 4754 2344 4817 Harae
2364 4756 2484 4819 misc.

474 4852 544 4928 sept
576 4844 626 4907 iio
657 4849 771 4927 pewiss
803 4847 861 4907 des
897 4844 1034 4928 Μαι.
1081 4845 1150 4914 Sed
1178 4849 1307 4914 accedo
1329 4849 1373 4913 ad
1394 4846 1455 4912 do·
1540 4844 1643 4908 abetis
1665 4841 1731 4906 hoo
1754 4842 1840 4923 Deo,
1862 4855 1898 4911 ut
1919 4839 2201 4921 audiatisFilium,
2223 4853 2260 4907 ut
2281 4842 2484 4909 dictumest:

476 4932 613 4996 ctrinm.
1437 4923 1443 4936 ⁸
1506 4929 1700 4992 Oscalomiai
1728 4930 1851 4994 sittim.
1904 4931 1965 5006 Qui
1991 4950 2053 4991 noa
2080 4928 2238 4990 audiverit
2265 4928 2398 5009 liliam,
2428 4948 2483 5010 epo

561 5014 616 5082 De
638 5018 828 5084 discrimine
844 5016 1103 5104 promissionum
1124 5019 1202 5084 vide
1222 5020 1258 5085 in
1275 5019 1456 5104 superiori·
1504 5016 1590 5079 ultor
1605 5035 1672 5081 ero,
1718 5015 1813 5081 liano
1836 5017 2057 5082 obedientiam
2074 5016 2233 5081 debemus
2254 5013 2333 5080 Deo
2355 5034 2484 5092 omnes,

477 5103 540 5167 bus
557 5101 769 5189 Rhapsodiis.
1506 5115 1540 5168 et
1561 5103 1734 5168 audientes
1756 5100 1872 5168 lilium
1895 5101 2058 5168 solvimus
2079 5101 2198 5167 deinde
2222 5114 2365 5168 coetera.
2410 5100 2485 5187 lpse

562 5187 717 5254 Secundo
746 5189 897 5255 doctrina
923 5191 966 5256 de
995 5203 1085 5256 statu
1108 5187 1293 5256 Ecclesiae.
1337 5186 1455 5255 Eccle-
1506 5185 1609 5254 solvit
1629 5209 1692 5253 sua
1714 5190 1900 5254 obedientia
1923 5190 2069 5253 debitam
2092 5185 2192 5274 legis,
2208 5199 2241 5253 et
2252 5188 2413 5274 passione
2424 5207 2485 5252 sua

475 5273 527 5336 sia
561 5292 626 5337 non
660 5287 713 5338 est
740 5274 910 5360 politicum
936 5275 1122 5363 imperium.
1174 5276 1244 5340 Wis
1271 5277 1351 5340 tao
1373 5277 1456 5340 dnm
1506 5275 1608 5340 solvit
1630 5275 1747 5425 iislpov,
1771 5290 1804 5341 et
1826 5288 1972 5341 meretur
1989 5275 2087 5340 nobis
2104 5275 2357 5359 promissionem
2369 5292 2484 5361 pecca

475 5358 615 5422 tatem?
1506 5374 1627 5427 torum.
1702 5382 1767 5426 anc
1799 5364 1900 5448 igitur
1931 5359 2129 5447 solutionem
2162 5371 2294 5447 oportet
2327 5380 2393 5424 nos
2422 5359 2485 5425 fide

606 5443 721 5506 Coeus
741 5449 809 5506 sine
830 5449 973 5528 imperio,
995 5469 1057 5511 aon
1077 5456 1127 5511 est
1147 5449 1318 5513 deraditis:
1506 5446 1769 5535 apprehendere,
1799 5460 1833 5513 et
1861 5450 1958 5514 nobis
1986 5443 2167 5534 applicare.
2212 5447 2261 5511 lta
2286 5465 2368 5511 vere
2392 5445 2484 5512 audi·

603 5528 749 5591 Ecclesia
770 5540 817 5592 est
838 5541 945 5594 coctus
964 5537 1032 5595 sins
1051 5538 1200 5618 inperio:
1506 5555 1581 5599 mus
1603 5532 1732 5614 Filium,
1754 5546 1787 5599 et
1809 5532 2032 5620 persolvimus
2054 5534 2199 5598 debitum
2222 5531 2314 5597 Deo:
2339 5532 2484 5619 qoiaao·

602 5615 693 5698 Erpa
710 5637 773 5679 soa
794 5625 841 5680 est
863 5617 1026 5686 meabilis.
1506 5621 1578 5687 dire
1599 5617 1718 5686 Filium
1739 5631 1794 5686 est
1814 5620 1978 5700 converti,
2004 5639 2108 5709 agere
2129 5620 2377 5707 poenitentiam,
2397 5619 2485 5686 acci·
