5934 6709
829 2342 834 2349 .
949 2304 1173 2372 genos
1231 2284 1493 2350 cubica.
1602 2280 1900 2356 UrceuS‚
1962 2284 2054 2346 ist
2116 2286 2222 2345 ein

946 719 1081 787 259

944 905 1194 975 factum
1234 928 1278 973 a
1332 906 1574 986 κακίζω,
1632 912 2056 988 corrumpo,'
2098 914 2169 969 et
2208 908 2426 984 πῆλος,
2447 900 2653 1052 filum!
2686 901 2913 1050 vinium
3016 912 3126 966 est
3187 900 3403 987 magis
3471 899 3740 966 domina
3804 916 4028 963 rerum
4091 904 4511 976 nostrarum,
4595 912 4799 981 quam
4850 915 4987 965 nos
5048 934 5059 960 .

2509 1007 2596 1074 go
2620 1008 2664 1053 a
2703 1005 2789 1066 πη
2826 1011 2911 1066 ος,
3015 1007 3269 1054 sumus.

943 995 1016 1061 in
1048 994 1276 1060 Ionica
1313 990 1499 1079 ligna
1531 991 1889 1078 significat,
1932 991 2144 1057 veteri
2190 1010 2399 1055 more.

943 1077 1462 1235 iviingstl’utlffim’
1502 1089 1664 1164 puto
1711 1077 2020 1160 derivari,
2064 1076 2256 1162 quasi
2299 1077 2513 1153 dicas,
2554 1072 2786 1140 facere
2828 1093 2913 1139 ex

1244 1500 1390 1582 De
1463 1495 1971 1581 vocabulo
2064 1494 2625 1606 amphorae.

1118 1680 1438 1748 Horatius
1483 1681 1721 1767 inquit:
1788 1678 2127 1762 Amphora
2167 1677 2383 1761 coepit
2414 1675 2709 1754 Institui,
2765 1692 2914 1739 cur-

944 1776 1130 1835 rente
1193 1774 1350 1832 rota
1414 1786 1534 1831 cur
1596 1785 1832 1830 urceus
1896 1765 2071 1829 exit?
2176 1761 2461 1828 Romani
2526 1760 2914 1847 amphoram

943 1864 1319 1942 posuerunt
1371 1850 1705 1936 lapideam
1771 1854 1838 1916 in
1906 1847 2271 1934 Capitolio,
2336 1860 2414 1914 ιιι
2479 1858 2666 1913 esset
2731 1856 2918 1912 certa

945 1960 1286 2007 mensura.
1395 1938 1547 2024 Ego
1614 1938 1749 2005 vidi
1813 1940 1881 2002 in
1945 1937 2338 2022 quibusdam
2404 1934 2681 2000 urbibus
2749 1931 2917 1998 Ger-

944 2026 1208 2092 maniae
1251 2027 1320 2090 in
1361 2025 1581 2090 medio
1625 2023 1777 2089 foro
1821 2021 2127 2107 lapideos
2169 2020 2561 2099 medimnos,
2613 2030 2687 2086 ut
2728 2028 2917 2084 esset

944 2133 1264 2180 mensura
1308 2123 1527 2175 certa:
1586 2110 1680 2175 da
1720 2128 1873 2175 man
1919 2109 2027 2173 die
2073 2106 2341 2189 scheffel
2390 2106 2560 2171 nach
2602 2104 2912 2182 machele,

947 2209 1015 2264 et
1055 2218 1143 2264 ne
1199 2208 1485 2283 possent
1549 2195 1714 2261 fieri·
1758 2193 2057 2261 fraudes.
2163 2193 2314 2259 Fuit
2358 2190 2676 2277 amphora
2721 2200 2920 2257 tetra-

2283 2278 2581 2364 lcrilylein
2639 2296 2922 2363 yewesaem

944 2371 1118 2437 nacla
1182 2371 1306 2435 der
1361 2365 1574 2450 form,
1640 2368 1750 2433 die
1811 2386 1964 2432 man
2018 2366 2163 2432 hier
2220 2365 2359 2430 leat.
2483 2366 2611 2432 Et‘n
2675 2381 2919 2429 urceus

943 2459 1036 2523 ist
1100 2457 1293 2543 quasi
1350 2455 1685 2537 στόμαχος,
1751 2474 1796 2519 a
1838 2444 2067 2535 στὸμα,
2131 2463 2199 2519 et
2242 2451 2445 2535 ἄγγω,
2487 2451 2603 2517 ubi
2671 2449 2919 2518 fundus

946 2555 1054 2610 est
1094 2540 1381 2629 amplus,
1425 2553 1493 2606 et
1533 2537 1778 2608 collum
1819 2550 2201 2626 angustum.

1388 2871 1806 2956 Abusus
1880 2869 2502 2954 divitiarum.

1121 3054 1437 3122 Christus
1502 3056 1800 3121 nominat
1864 3053 2130 3119 divitias
2194 3053 2512 3131 iniustas,
2577 3069 2716 3115 non
2762 3068 2920 3115 con-

946 3152 1052 3209 tra
1120 3142 1600 3208 conscientiam
1709 3150 1926 3218 artas,
1993 3141 2118 3204 sed
2180 3140 2365 3218 ideo,
2431 3136 2587 3242 quia
2660 3136 2922 3202 univer·

945 3227 1180 3295 saliter
1220 3230 1292 3294 in
1337 3224 1580 3293 divitiis
1625 3249 1666 3292 a
1697 3228 1870 3313 iquis
1913 3227 2166 3292 abusus
2211 3236 2356 3304 est,
2412 3233 2587 3288 sicut
2619 3220 2720 3286 ‘in
2765 3219 2917 3287 aliis

943 3317 1174 3385 rebus.
1281 3313 1433 3380 Uud
1472 3317 1563 3379 ist
1604 3317 1727 3379 wol
1765 3334 1844 3379 zu
1883 3313 2183 3380 merchem
2201 3337 2227 3380 .·
2270 3309 2522 3377 Christi
2565 3327 2916 3375 sermones

943 3412 1104 3467 sunt
1143 3398 1481 3487 profundi,
1522 3402 1858 3465 intuentes
1921 3399 2228 3464 miserias
2293 3397 2561 3483 generis
2626 3396 2913 3461 humani.

943 3486 1084 3552 Ista
1124 3498 1360 3552 nostra
1413 3487 1662 3551 misera
1739 3494 1978 3551 natura
2032 3485 2327 3550 abutitur
2393 3483 2587 3547 donis
2653 3481 2915 3546 divinis·

945 3571 1163 3638 Etiam
1205 3573 1365 3638 boni
1407 3575 1807 3647 abutuntur3
1848 3571 1973 3635 sed
2006 3567 2203 3635 aliter
2245 3589 2443 3654 quam
2479 3567 2678 3651 impii.
2767 3565 2918 3650 Gut,

944 3658 1158 3726 mactat
1224 3657 1445 3724 maula
1525 3656 1722 3722 Mutla
1783 3657 1998 3722 macht
2060 3654 2409 3721 vbermutlz.
2543 3652 2918 3719 Menander

942 3745 1191 3830 inquitz
1236 3743 1471 3810 Plutus
1512 3751 1611 3809 est
1652 3763 1902 3825 coecus,
1937 3741 2113 3825 lacit
2155 3746 2353 3809 ettam
2384 3747 2623 3807 metues
2664 3760 2915 3805 coecas.

949 3829 1394 3897 Considerate
1438 3829 1710 3912 ἀταξίαν,
1755 3850 1929 3915 quae
1993 3840 2101 3896 est
2163 3829 2234 3893 in
2299 3836 2626 3912 apparatu
2690 3827 2917 3892 convi-

945 3917 1227 3984 viorum.
1360 3914 1640 3982 Plautus
1708 3917 1900 3981 dicitz
1984 3915 2144 3981 Cum
2217 3912 2602 3997 Plalosoplat
2657 3913 2919 3978 veniunt

948 4009 1021 4070 in
1075 4003 1402 4082 convivia,
1470 4004 1744 4087 culpant
1808 4003 2015 4082 alios,
2093 4009 2157 4066 et
2214 4009 2428 4067 tamen
2479 4001 2620 4084 ipsi
2669 4019 2919 4084 quoque

942 4090 1143 4156 edunt
1183 4091 1392 4155 simul.
1502 4087 1897 4155 Communia
1953 4086 2129 4153 mala
2193 4099 2260 4154 et
2329 4087 2745 4153 consuetudo
2800 4089 2917 4151 im·

940 4174 1201 4264 pellunt
1242 4175 1573 4256 homineS,
1617 4187 1687 4241 et
1727 4176 2070 4241 excutiunt
2113 4195 2157 4240 a
2198 4183 2386 4239 recta
2417 4173 2700 4250 ratione,
2743 4172 2919 4236 sicut

943 4260 1212 4359 scopuli
1253 4274 1323 4329 et
1364 4264 1547 4328 venti
1601 4282 1837 4327 naves.
1936 4261 2159 4341 Seket,
2225 4278 2404 4324 metm
2444 4278 2595 4324 man
2636 4257 2921 4323 hochzeit

944 4348 1202 4427 macht,
1272 4345 1637 4432 qualis·est
1678 4349 1920 4429 α’ταξία,
1986 4348 2054 4412 id
2099 4358 2241 4426 est,
2310 4344 2529 4433 qualis
2572 4341 2944 4430 profusio?

943 4434 1080 4500 Per
1143 4431 1454 4500 mulieres
1518 4432 1707 4520 plera
1760 4454 1844 4500 ue
1903 4434 2474 4508 administrantur,
2541 4451 2717 4517 quae
2778 4450 2915 4495 non

941 4521 1282 4608 patiuntur
1348 4519 1588 4586 limites
1655 4457 1767 4588 vel
1830 4519 2043 4608 leges.
2150 4517 2279 4586 Est
2338 4538 2584 4606 magna
2648 4518 2918 4584 miseria

944 4607 1215 4695 generis
1257 4605 1552 4672 humani.
2775 4610 2780 4615 ’

941 4935 1088 5022 De
1148 4938 1791 5052 possessione
1851 4938 2345 5022 bonorum
2402 4965 2578 5050 per
2633 4964 2915 5050 prae-

1587 5093 2271 5205 scriptionem.

2217 711 2451 781 PmL.
2494 710 2706 779 MEL-
2749 709 3130 779 SCRIPTA
3171 706 3701 777 EXEGETIGA.

4956 438 4981 475 Ι

3097 1319 3319 1425 Quid
3380 1328 3506 1401 est
3562 1315 4082 1429 praescriptio
4096 1312 4137 1396 ?
4197 1313 4398 1426 quid
4456 1311 4912 1424 significat-,2

3190 1537 3351 1604 Eine
3379 1534 3792 1618 vermemw,
3849 1543 3956 1598 est
4001 1532 4166 1596 certi
4220 1531 4542 1616 temporis
4585 1530 4986 1616 praefinitio,

3016 1626 3192 1690 intra
3248 1624 3426 1709 quod
3490 1632 3752 1705 tempus
3817 1619 3877 1684 si
3941 1638 4054 1684 res
4121 1637 4259 1682 non
4321 1616 4673 1703 repetitur,
4746 1630 4992 1702 postea

3018 1730 3155 1777 non
3213 1709 3408 1773 datur
3470 1708 3666 1772 actio.
3774 1704 3942 1770 Tum
4006 1704 4182 1770 enim
4240 1703 4400 1769 dicit
4441 1702 4621 1768 Lex=
4689 1701 4833 1770 lsta
4871 1724 4989 1771 res

3018 1807 3124 1863 est
3164 1794 3611 1880 possessoris».
3721 1790 3860 1857 Sed
3924 1792 4220 1875 praescri
4272 1791 4364 1854 tio
4429 1799 4649 1855 tamen
4706 1792 4991 1878 requirit

3020 1884 3268 1949 bonam
3334 1878 3837 1945 conscientiam.
3968 1875 4118 1964 Ego
4197 1896 4240 1941 a
4269 1877 4558 1963 iquando
4630 1873 4991 1961 plurimum

3021 1978 3306 2034 vexatus
3354 1987 3502 2031 sum
3534 1986 3578 2030 a
3610 1960 3818 2031 milite
3853 1975 4202 2039 veterano,
4245 1963 4359 2048 qui
4402 1959 4758 2047 aliquoties
4800 1963 4991 2030 venit

3019 2056 3109 2120 ad
3149 2075 3277 2126 me,
3321 2054 3611 2131 dicebat,
3654 2052 3833 2136 quod
3866 2045 4073 2115 multa
4115 2060 4302 2115 esset
4343 2048 4626 2132 adeptus
4669 2048 4741 2113 in
4782 2046 4990 2132 bello,

3021 2152 3090 2208 et
3132 2141 3498 2226 quaerebat
3562 2158 3649 2202 ex
3708 2159 3815 2202 me
3832 2181 3854 2216 ,
3920 2156 4078 2201 num
4141 2132 4258 2200 illa
4323 2144 4560 2219 posset
4611 2134 4790 2201 iuste
4828 2156 4991 2223 pos-

3020 2227 3269 2292 sidere.
3375 2222 3740 2301 Dicebam,
3803 2223 4055 2289 lustum
4119 2217 4372 2287 bellum
4433 2217 4807 2289 transferre
4868 2224 4988 2288 do·

3020 2314 3308 2380 minium.
3400 2310 3749 2384 Quaesivit
3802 2310 3887 2377 de
3931 2311 4074 2374 suis
4131 2305 4308 2375 finis.
4415 2292 4807 2393 Respondi?
4852 2305 4992 2377 vo-

3019 2401 3209 2466 niunt
3283 2394 3401 2462 filii
3486 2398 3553 2462 in
3639 2396 4253 2480 praescriptionem.
4372 2390 4519 2458 Lex
4592 2393 4994 2479 praescribit

3021 2497 3319 2571 tempus,
3405 2483 3579 2548 intra
3653 2483 3835 2567 quod
3919 2492 4026 2547 est
4100 2481 4316 2560 actio,
4389 2489 4630 2564 postea
4683 2499 4821 2546 non
4887 2490 4994 2546 est

3020 2573 3221 2638 actio.
3319 2569 3582 2635 Graece
3650 2578 3931 2635 vocatur
3996 2572 4385 2654 προθεσμία,
4467 2567 4538 2631 id
4602 2576 4744 2645 est,
4810 2566 4990 2632 ordi·
5042 2617 5059 2634 .

3019 2670 3247 2724 natum
3358 2667 3622 2739 tempus
3719 2655 3810 2719 ad
3914 2653 4386 2718 redimendum.
4536 2650 4990 2737 Praescriptio

3018 2745 3194 2810 iuste
3235 2743 3534 2808 attribuit
3592 2758 3745 2806 rese
3813 2751 3884 2806 et
3923 2750 4148 2823 potest
4213 2749 4438 2805 tamen
4495 2737 4668 2818 fieri,
4731 2749 4807 2805 ut
4846 2739 4988 2804 sint

3019 2827 3246 2916 aliqua
3358 2840 3591 2894 cecata
3653 2827 3853 2892 nobis
3909 2845 4047 2891 non
4111 2835 4293 2891 nota.
4427 2824 4535 2890 Fit
4606 2843 4854 2910 saepe,
4912 2833 4989 2889 ut

3019 2913 3260 3001 aliquis
3415 2916 3572 2979 beat
3635 2933 3879 2999 equum
3941 2912 4125 2978 furto
4191 2922 4604 2998 surreptum,
4684 2920 4754 2976 et
4804 2918 4990 2976 tenet

3018 3001 3245 3086 aliquo
3295 3014 3623 3085 tempores
3664 3018 3860 3064 nemo
3904 3001 4167 3082 repetit,
4207 3018 4425 3084 neque
4464 2994 4583 3062 ille
4631 2997 4764 3062 scit
4801 2995 4990 3061 furto

3020 3089 3382 3154 abductum
3448 3105 3626 3151 esse.
3756 3084 4018 3150 Deinde
4074 3094 4261 3152 certo
4324 3095 4626 3166 tempore
4685 3093 4996 3165 praeter·

3016 3172 3235 3260 lapso,
3280 3192 3420 3238 non
3466 3173 3661 3237 datur
3702 3171 3911 3254 actio;
3978 3170 4074 3235 So
4125 3172 4212 3235 ist
4256 3168 4381 3235 das
4410 3165 4642 3253 pferdt
4671 3169 4849 3248 sein,
4915 3177 4999 3235 et

3018 3262 3385 3327 retinentur
3426 3278 3540 3323 res
3672 3278 3706 3320 r
3759 3257 4348 3341 praescriptionem
4399 3256 4581 3320 bona
4636 3252 4995 3320 conscien-

3021 3348 3127 3414 tia.
3241 3346 3385 3412 Sed
3447 3342 3560 3411 hic
3672 3344 3931 3409 ominus
3993 3340 4178 3408 aliud
4242 3342 4431 3407 dicitz
4493 3359 4634 3405 non
4692 3354 4835 3405 tam
4902 3341 4991 3405 de
5095 3364 5103 3373 ·

3067 3433 3457 3499 essessione
3522 3432 3852 3516 disputat,
3928 3449 4126 3516 quam
4206 3427 4292 3493 de
4366 3446 4497 3494 usu
4569 3422 4985 3491 facultatum.

3018 3457 3315 3587 fumetur
3389 3519 3721 3584 miseriam
3803 3516 4070 3602 generis
4145 3513 4453 3593 humani,
4546 3513 4615 3577 in
4680 3529 4813 3597 quo
4876 3519 4988 3577 est

3019 3626 3306 3693 magnus
3361 3606 3619 3670 abusus
3685 3604 4090 3679 divitiarum,
4157 3620 4354 3687 quem
4416 3598 4794 3683 exprimere
4847 3614 4987 3662 non

3017 3713 3319 3779 possum·
3387 3690 3579 3755 Sehct
3623 3689 3729 3754 die
3764 3687 4128 3774 Gauckeley
4159 3689 4275 3752 mit
4306 3687 4434 3752 den
4466 3684 4793 3751 kleiderm
4845 3680 4990 3749 Woe

3017 3777 3290 3864 tmflett‘g
3331 3777 3467 3841 und
3509 3774 3833 3840 Nem-iscla
3882 3783 4034 3854 ists,
4090 3776 4253 3840 dass
4297 3774 4480 3840 einer
4510 3775 4608 3839 30
4652 3769 4867 3835 thaler-
4905 3787 4990 3834 zu

3019 3867 3220 3930 einem
3260 3882 3393 3948 pm·
3427 3862 3625 3928 hosen
3666 3860 3951 3944 bedarff.
4040 3861 4132 3926 Es
4173 3862 4262 3927 ist
4303 3861 4410 3925 εἰπ
4448 3856 4858 3924 militatum:
4918 3863 4991 3920 et
5106 3910 5121 3921 .

3022 3964 3244 4017 tamen
3288 3961 3393 4015 est
3439 3949 3806 4015 communis
3852 3950 4132 4014 abusus.
4234 3945 4368 4012 Dte
4417 3944 4678 4012 radten
4740 3941 4988 4008 Rmner

3019 4058 3099 4104 zu
3141 4036 3448 4102 Zwickau
3488 4035 3863 4102 habuerunt
3920 4053 4206 4120 magnos
4256 4043 4622 4118 proventus
4666 4048 4756 4096 ex
4797 4027 4991 4094 venis

3021 4121 3396 4191 metallicis.
3498 4121 3638 4187 lsta
3698 4116 3826 4188 fuit
3887 4121 4065 4186 iusta
4128 4120 4503 4206 possessio,
4567 4127 4811 4203 postea
4870 4111 4993 4179 filii

3021 4208 3497 4276 calceaverunt
3538 4228 3751 4294 equos
3794 4218 4111 4294 argento,
4165 4219 4234 4272 et
4276 4204 4675 4271 balnearunt
4712 4203 4784 4267 in
4824 4197 4994 4267 mal-

3022 4297 3271 4376 vatico,
3330 4297 3459 4362 das
3500 4297 3651 4361 sind
3709 4295 3913 4380 yrobe
3976 4291 4438 4380 profusiones,
4504 4290 4642 4357 und
4683 4306 4754 4354 es
4794 4292 4995 4353 meret

3019 4383 3197 4449 m‘clzt
3238 4386 3415 4468 tany.
3482 4380 3798 4469 Plerique
3839 4381 4180 4466 principes
4221 4392 4291 4445 et
4332 4398 4535 4467 reg-es
4578 4376 4732 4443 sind
4772 4376 5007 4440 lanan.

3021 4472 3258 4548 better,
3338 4480 3610 4555 propter
3666 4464 4119 4554 profusiones.
4250 4463 4546 4554 Magnae
4618 4479 4789 4548 opes
4848 4477 4993 4524 non

3021 4569 3180 4622 sunt
3256 4557 3405 4620 sine
3489 4555 3941 4621 mediocribus
4028 4553 4301 4620 iniuriis.
4441 4550 4601 4618 Ideo
4677 4544 4994 4614 Clu-istus

3020 4644 3314 4708 nominat
3354 4641 3632 4709 iniustas
3676 4641 3967 4706 divitias.

3018 5008 3358 5093 Pretii
3417 5036 3748 5092 rerum
3809 5005 4367 5110 collatio,
4429 4999 4736 5115 apud
4811 5026 4998 5084 ve-

3017 5176 3388 5271 teres,
3474 5175 3591 5247 ct
3658 5131 4123 5247 nostris
4209 5156 4996 5270 temporibus.

1119 5288 1429 5358 Christus
1472 5311 1606 5357 non
1649 5289 1797 5358 vult
1833 5311 1964 5358 nos
2027 5265 2308 5380 alligare
2372 5292 2462 5358 ad
2514 5289 2696 5357 illam
2755 5293 2915 5357 sub·
3034 5299 3038 5303 '

943 5373 1129 5444 tilem
1193 5379 1730 5464 inquisitionem,
1797 5379 1977 5444 unde
2051 5400 2165 5444 res
2233 5382 2400 5459 sint,
2466 5381 2645 5446 sicut
2708 5398 2917 5465 saepe

942 5463 1213 5550 aliquae
1257 5465 1525 5531 divitiae
1560 5465 1834 5532 veniunt
1866 5466 2395 5550 praescriptione
2425 5468 2513 5531 ad
2556 5463 2913 5534 haeredes:

3191 5380 3565 5449 Medimnus
3609 5380 3916 5461 Atticus,
3959 5380 4048 5441 ist
4089 5400 4161 5440 so
4204 5376 4334 5440 viel
4370 5375 4470 5439 uls
4508 5378 4613 5438 dn
4653 5372 5002 5457 Leipzig&

3019 5468 3291 5551 scheffaelz
3361 5478 3615 5535 tantum
3672 5482 3816 5544 est,
3891 5478 4207 5552 quantum
4261 5461 4455 5550 Epha
4519 5464 4589 5529 in
4652 5461 5003 5528 mensuris

945 5549 1119 5618 Sunt
1173 5550 1357 5617 initio
1402 5549 1576 5618 male
1643 5565 1911 5638 partae,
1977 5563 2044 5617 et
2107 5564 2326 5616 tamen
2385 5555 2915 5640 praescriptione
3019 5555 3394 5623 Hebraicis.
3483 5556 3681 5641 Apud
3735 5553 4263 5620 Demosthenem
4316 5561 4573 5628 exstat,
4627 5544 4854 5614 fuisse
4906 5543 5005 5613 le-

941 5635 1021 5705 fit
1071 5639 1424 5726 possessio
1478 5640 1690 5727 iusta3
1754 5641 1913 5726 quia
1976 5650 2086 5705 est
2138 5640 2445 5705 ordinata
2505 5636 2684 5727 lege.
2768 5638 2916 5707 Lex
3020 5643 3220 5731 gibus
3286 5653 3586 5724 cautum,
3652 5652 3724 5708 ut
3789 5642 4248 5707 communibus
4311 5637 4546 5717 annis,
4611 5635 4685 5701 in
4747 5632 5003 5703 Attid-

5138 6100 5149 6177 --
