5934 6709
1029 864 1094 931 ui
1123 859 1358 929 'factus
1403 869 1508 925 est
1548 880 1673 944 pro
1718 859 1909 923 nobis
1977 857 2276 936 victima,
2341 866 2414 921 ut
2466 869 2739 943 propter
2795 877 2944 925 eum

982 884 1271 1013 donetur
1333 946 1530 1011 nobis
1598 946 1903 1022 victima,
1968 956 2043 1009 ut
2105 952 2379 1026 propter
2445 962 2592 1006 eum
2660 942 2944 1006 donetur

981 1035 1180 1099 nobis
1222 1033 1527 1096 remissio
1549 1042 1998 1115 peccatorum.
2064 1027 2235 1092 Huic
2270 1028 2480 1091 verbo
2518 1048 2670 1092 cum
2711 1046 2944 1091 assen-

981 1120 1204 1198 timur,
1245 1137 1410 1182 vere
1453 1114 1649 1183 simul
1693 1112 1932 1182 efficax
1979 1124 2083 1180 est
2113 1113 2401 1196 Spiritus
2444 1125 2746 1191 sanctus,
2791 1133 2945 1179 con-

981 1203 1254 1269 firmans
1315 1203 1386 1267 in
1451 1204 1646 1268 nobis
1714 1220 2096 1278 assensum,
2163 1209 2230 1261 ct
2297 1195 2495 1263 fidem
2539 1200 2948 1276 exuscitans,

984 1310 1116 1377 qua
1158 1285 1473 1375 paulatim
1518 1289 1830 1375 erigimur
1892 1289 1958 1350 in
2024 1281 2411 1368 pavoribus,
2479 1295 2548 1348 ct
2592 1286 2946 1349 credentes

983 1394 1144 1441 vere
1187 1375 1545 1458 recipimur
1583 1396 1625 1440 a
1666 1373 1815 1437 Deo
1858 1373 1924 1436 in
1967 1369 2270 1456 gratiam,
2313 1369 2676 1451 accipimus
2717 1371 2945 1435 remis·

985 1461 1241 1527 sionem
1285 1470 1735 1544 peccatorum,
1777 1469 1848 1523 et
1886 1449 2388 1521 reconciliamur
2428 1453 2601 1521 Deo.

986 1782 1284 1893 Proba,
1354 1789 1578 1898 quod
1652 1788 1858 1873 fides
1935 1789 2038 1869 sit,
2095 1786 2548 1873 necessaria
2605 1786 2690 1869 in
2750 1812 2948 1869 eon-

1769 1940 2163 2023 versione.

1159 2140 1497 2227 Expresse
1539 2141 1747 2223 inquit
1788 2136 2065 2205 Paulus:
2132 2136 2470 2217 ludificati
2503 2136 2661 2216 fide,
2722 2154 2946 2216 pacem

987 2227 1288 2290 habemus.
1355 2226 1441 2291 Et
1484 2244 1689 2308 saepe
1723 2226 1961 2308 repetit
2003 2223 2251 2288 dictum
2283 2220 2688 2305 Prophetae:
2732 2221 2945 2281 Iustus

987 2313 1243 2395 suafide
1284 2315 1458 2379 vivit.
1501 2309 1587 2375 Et
1632 2320 1740 2375 est
1791 2311 2172 2375 mandatum
2193 2308 2326 2373 Dei
2367 2320 2712 2377 aeternum
2737 2317 2801 2370 et
2827 2307 2942 2370 im·

988 2394 1326 2478 mutabile,
1370 2411 1443 2463 ut
1485 2396 1812 2459 audiamus
1847 2395 2106 2466 Pilleum
2154 2394 2508 2459 credamus
2550 2394 2750 2457 nobis
2791 2412 2944 2475 pro-

987 2494 1138 2569 pter
1181 2485 1396 2569 ipsum
1442 2483 1681 2548 remitti
1720 2478 2020 2566 peccata,
2065 2492 2132 2547 et
2168 2480 2476 2565 imputari
2505 2480 2716 2565 ipsias
2757 2477 2946 2545 iusti·

989 2571 1170 2649 tiam,
1214 2582 1278 2637 et
1324 2568 1556 2635 donari
1597 2568 1799 2634 vitam
1840 2578 2198 2632 aeternam.

1158 2897 1390 2999 Quae
1454 2911 1578 2983 est
1635 2897 1875 2979 tertia
1937 2922 2122 3006 pars
2181 2892 2786 3006 poenitentiae?

1210 3076 1406 3143 Nova
1505 3076 1903 3143 obedientia.
2035 3072 2222 3142 Haec
2298 3075 2652 3143 comitatur
2727 3094 2954 3141 veram

996 3163 1232 3239 fidem3
1319 3163 1474 3251 quia
1548 3161 1718 3229 tides
1803 3160 2002 3228 babet
2102 3161 2490 3235 necessario
2597 3161 2952 3229 adiunctos

991 3249 1271 3319 fructus·
1361 3246 1526 3315 Cum
1571 3248 1744 3313 enim
1793 3259 1976 3313 certo
2021 3258 2287 3325 statuat,
2341 3248 2471 3313 sibi
2511 3247 2754 3311 remitti
2797 3265 2954 3332 pec-

992 3346 1167 3412 cata,
1211 3346 1278 3401 et
1319 3356 1398 3401 se
1438 3332 1710 3401 liberari
1743 3333 1988 3399 sentiat
2031 3353 2115 3399 ex
2159 3331 2501 3399 doloribus
2569 3329 2955 3408 inferorum,

989 3419 1272 3489 laetatur
1336 3421 1552 3501 serio,
1629 3420 1859 3502 incipit
1922 3414 2200 3503 diligere
2263 3418 2516 3491 Deum,
2593 3419 2816 3485 studet.
2895 3417 2956 3483 ei

993 3500 1486 3610 obtemperare,
1549 3518 1617 3570 ct
1661 3503 2014 3591 diligenter
2056 3514 2270 3582 cavet,
2334 3524 2420 3568 ne
2482 3505 2702 3588 ipsum
2755 3502 2954 3567 offen-

992 3593 1141 3663 dat:
1183 3602 1358 3657 sicut
1402 3589 1706 3659 videmus
1747 3591 1915 3654 inter
1957 3588 2262 3655 homines
2303 3586 2471 3653 fieri.
2559 3587 2770 3663 Quem
2815 3586 2956 3659 dili·

995 3679 1238 3767 gimus,
1280 3696 1428 3742 eum
1473 3670 1784 3741 nolumus
1825 3671 1937 3740 vel
1978 3686 2144 3739 nutu
2185 3671 2545 3740 offendere.

1170 3762 1288 3829 Sic
1352 3761 1553 3847 igitur
1617 3758 1786 3826 fides
1812 3806 1834 3839 ,
1899 3780 2034 3847 qua
2097 3760 2430 3827 credimus
2473 3756 2692 3829 Deum
2755 3760 2954 3825 nobis

993 3868 1150 3917 ease
1193 3844 1554 3932 placatum,
1597 3858 1664 3913 ct
1707 3867 1836 3933 qua
1903 3844 2292 3913 inchoamus
2337 3843 2762 3913 dilectionem
2803 3846 2954 3926 Dei,

992 3932 1192 4001 trahit
1236 3952 1466 3998 secum
1508 3943 1718 3999 totum
1787 3930 2064 3997 cbomm
2125 3935 2476 4012 virtutum,
2541 3932 2722 3998 iuxta
2763 3954 2954 4016 prae-

995 4030 1192 4103 cepta
1232 4014 1586 4097 Decalewi,
1627 4038 1712 4083 ac
1753 4015 1923 4083 fides
1970 4036 2208 4083 carens
2250 4014 2356 4083 bis
2409 4015 2764 4097 fructibus,
2817 4039 2954 4085 non

993 4117 1100 4172 est
1144 4102 1351 4183 fides,
1414 4069 1540 4187 scil
1580 4104 1794 4197 inanis
1837 4104 2192 4188 persuasio
2259 4100 2436 4181 fidei,
2500 4114 2568 4168 et
2629 4105 2953 4190 cogitatio

992 4201 1278 4269 mortua,
1341 4208 1516 4277 quae
1577 4185 1816 4255 sirnihs
1881 4198 1984 4254 est
2045 4189 2318 4275 imagini
2376 4191 2632 4273 pictae,
2696 4192 2766 4257 in
2820 4210 2954 4275 qua

996 4295 1147 4344 cum
1179 4295 1316 4340 non
1354 4276 1443 4341 sit
1471 4274 1711 4355 anima,
1755 4273 1951 4343 etiam
1987 4275 2122 4339 vita
2157 4294 2292 4341 non
2333 4276 2530 4353 inest,
2573 4294 2698 4341 nec
2733 4276 2953 4361 imago

995 4358 1153 4435 talis
1199 4359 1330 4427 ‘diei
1367 4371 1616 4444 potest,
1655 4359 1857 4426 homo
1900 4360 2148 4427 vivens-
2183 4370 2295 4425 aut
2335 4357 2602 4429 animm.

1169 4444 1245 4513 ld
1285 4465 1574 4513 necesse
1627 4458 1732 4511 est
1783 4445 1958 4513 scire
2025 4456 2259 4511 contra
2324 4444 2711 4532 hypocritas
2775 4445 2958 4515 inani

1037 4528 1393 4603 loriat'ione
1435 4530 1588 4599 fidei
1629 4541 1991 4601 tumentes:
2036 4534 2192 4597 item
2233 4543 2468 4599 contra
2501 4533 2958 4615 disputatores

1073 4638 1180 4696 oe,
1226 4618 1337 4704 qni
1382 4614 1676 4685 clamant
1716 4614 1914 4687 fidem
1958 4615 2313 4685 excludere
2357 4619 2536 4683 boeia
2580 4638 2812 4701 opera,
2870 4638 2957 4681 ne

996 4704 1246 4781 adsint,
1288 4704 1481 4790 quasi
1523 4704 1740 4789 possit
1785 4698 1938 4769 sola
1981 4721 2140 4768 esse
2183 4702 2350 4769 fides
2393 4703 2781 4781 vivificans,
2841 4714 2962 4771 aut

996 4786 1189 4881 qnasi
1231 4808 1417 4869 vera,
1476 4800 1543 4855 et
1585 4788 1738 4854 viva
1779 4787 1949 4853 fides
1990 4789 2116 4869 sit,
2182 4808 2354 4874 quae
2393 4809 2528 4857 non
2571 4799 2839 4861 exserat
2880 4807 2962 4855 se

995 4877 1068 4945 in
1110 4874 1426 5025 affitibus
1472 4896 1598 4941 con
1730 4876 1994 4941 entibus
2039 4895 2188 4940 cum
2231 4873 2596 4943 voluntate-

1242 4960 1475 5027 icimus
1518 4981 1599 5028 so
1673 4982 1738 5029 m
1781 4958 1980 5027 fidem
2023 4958 2414 5041 iustificare,
2476 4973 2546 5027 et
2587 4957 2764 5025 hanc
2802 4980 2960 5043 pro-

1046 5047 1396 5115 ositionem
1446 5047 1761 5113 docemus
1793 5043 2294 5134 intelligendam
2328 5066 2484 5112 esse
2531 5042 2960 5113 correlative:

995 5069 1070 5201 pfl
1111 5144 1258 5212 est,
1317 5144 1594 5219 propter
1637 5130 1856 5201 solum
1902 5132 2334 5199 Mediator-em
2380 5128 2790 5199 affirmamus
2832 5149 2964 5195 nos

997 5228 1318 5305 acceptos
1362 5237 1516 5285 esse
1559 5218 1748 5297 Deo,
1815 5230 1885 5283 et
1945 5216 2126 5285 hunc
2169 5216 2606 5287 Mediator-em
2647 5213 2962 5303 amplecti

996 5325 1125 5373 nos
1171 5315 1482 5393 oportere
1526 5304 1670 5372 fide.
1759 5300 2072 5371 Excludit
2114 5305 2318 5390 igitur
2362 5302 2693 5387 particula
2737 5298 2962 5369 exolu-

998 5392 1171 5470 σίνε,
1215 5388 1356 5452 sola
1387 5388 1568 5472 fides,
1615 5412 1877 5457 omnem
1922 5390 2330 5476 dignitatem,
2355 5402 2438 5455 et
2481 5389 2769 5461 miritum
2808 5408 2962 5473 par-

998 5495 1232 5556 umne,
1276 5489 1346 5545 et
1389 5488 2103 5563 opemm.nestrorum;
2147 5476 2318 5549 adeo
2364 5486 2440 5541 ut.
2471 5470 2725 5547 nullum
2768 5493 2964 5560 opus,

997 5582 1084 5631 ae
1125 5584 1211 5631 ne
1254 5565 1518 5653 quidun
1569 5565 1722 5655 ipsa
1775 5562 1984 5641 fidus.
2051 5562 2124 5649 in
2161 5571 2496 5671 *quantum
2562 5580 2776 5647 opus,
2838 5580 2988 5633 aea

2264 667 2490 735 PHIL.
2535 667 2742 734 MEL.
2789 665 3168 734 SCRIPTA
3209 665 3740 732 EXEGETICA.

3003 901 3006 903 -
3049 853 3335 942 qualitas
3401 856 3469 919 in
3514 855 3746 934 nobis,
3812 857 4027 939 possit
4079 873 4237 921 esse
4288 874 4537 921 caussa
4576 851 4690 921 vel
4730 856 5019 947 pretium

3004 953 3006 955 ’
3048 940 3558 1009 iustificationis.
3625 940 3890 1006 Interim
3936 954 4155 1007 tamon
4188 962 4407 1027 neque
4440 940 4751 1006 contritio
4785 938 5017 1007 exclu-

3050 1022 3259 1103 ditur,
3322 1047 3539 1113 neque
3604 1028 3853 1091 bonum
3967 1028 4371 1110 ropositum,
4442 1046 4660 1112 neque
4726 1027 5017 1092 studium

3048 1110 3465 1179 inchoandae
3508 1132 3729 1178 novae
3772 1112 3901 1179 obe
3950 1113 4209 1188 ientiae.

3173 1440 3407 1545 Quae
3469 1452 3595 1525 est:
3652 1470 3938 1526 norma
3996 1470 4265 1526 novae
4328 1439 4897 1525 obedientiae?

3223 1654 3476 1723 Paulus
3544 1657 3863 1722 describit
3928 1677 4172 1723 novam
4237 1657 4681 1722 obedientiam
4745 1658 4815 1721 in
4880 1656 5018 1723 hoc

3048 1742 3261 1807 dicto:
3325 1746 3533 1809 Muta
3574 1742 3793 1803 bonam
3835 1742 4154 1814 militium,
4218 1747 4490 1805 retinam
4542 1742 4731 1822 fidem
4790 1749 4853 1805 et
4910 1744 5021 1803 bo·

3047 1847 3203 1893 nam
3243 1829 3717 1893 conscienciam.
3829 1826 4042 1901 Quasi
4104 1828 4315 1907 dicat,
4381 1827 4581 1892 homo
4637 1829 4833 1893 etiam
4887 1827 5022 1893 fide

3046 1915 3289 1989 iustuS‚
3331 1933 3470 1977 non
3513 1928 3618 1979 est
3660 1913 3805 1977 sine
3826 1915 4002 1977 omni
4036 1926 4343 1995 peccato,
4387 1925 4455 1979 et
4496 1910 4695 1978 facile
4730 1925 5023 1997 possunt

3046 1999 3360 2063 accidere
3402 1995 3637 2083 lapsus
3683 2018 3762 2062 ex
3809 1996 4219 2075 infirmitat03
4260 2000 4385 2064 sed
4429 1997 4599 2064 haec
4642 2012 4817 2063 meta
4862 2014 5021 2063 esse

3048 2084 3250 2149 debet
3321 2094 3600 2148 nostrae
3664 2084 4117 2163 obedientiae,
4181 2096 4255 2149 ut
4308 2085 4726 2165 ‚retineamus
4794 2084 5018 2164 fidem,

3046 2188 3182 2233 non
3228 2168 3616 2234 deficiamus
3661 2188 3704 2232 a
3745 2169 3989 2245 verbo;
4053 2170 4181 2235 etsi
4249 2182 4355 2235 est
4422 2167 4767 2253 multiplex
4828 2174 5021 2256 igno-

3046 2256 3261 2319 rantia
3305 2265 3371 2319 et
3413 2253 3732 2318 dubitatio
3774 2254 3841 2317 in
3884 2255 4113 2319 nobis:
4182 2254 4366 2335 item,
4411 2269 4483 2321 ut
4527 2256 4820 2319 vitemus
4865 2275 5020 2321 sce·

3043 2337 3189 2405 lera
3263 2350 3497 2409 contra
3576 2340 4089 2420 conscientiam,
4169 2360 4561 2428 quamquam
4642 2339 4865 2407 adhuc
4948 2339 5021 2406 in

3045 2426 3239 2491 nobis
3302 2436 3462 2490 sunt
3514 2420 3733 2489 malae
3773 2422 4273 2506 inclinationes,
4335 2427 4523 2513 pravi
4590 2424 4899 2506 affectus,
4954 2438 5023 2493 et

2989 2548 2992 2551 „
3046 2508 3254 2576 multa
3306 2509 3613 2595 [peccata
3678 2511 4060 2575 omissionis
4126 2520 4241 2578 aut
4329 2512 4816 2577 commissionis
4884 2532 5021 2579 non

3046 2595 3418 2662 affectatae.

3224 2681 3409 2745 Haec
3471 2690 3577 2745 est
3641 2680 4015 2745 communis
4070 2682 4375 2747 doctrina
4432 2683 4516 2747 de
4590 2685 5015 2767 poenitentia,

3052 2787 3227 2852 quae
3270 2786 3475 2850 saepe
3528 2769 3849 2849 repetitur
3902 2767 3968 2830 in
4016 2764 4356 2845 Ecclesia,
4400 2779 4465 2833 et
4518 2770 4673 2833 inde
4716 2790 5017 2857 usque-a

3052 2855 3343 2937 receptis
3407 2852 3635 2934 primis
3693 2854 4081 2938 parentibus
4128 2872 4395 2935 semper
4436 2855 4505 2917 in
4546 2852 4861 2920 Ecclesia
4904 2876 5016 2921 so·

3052 2940 3219 3017 nuit,
3265 2948 3331 3002 et
3378 2939 3577 3001 debet
3619 2957 3867 3001 sonare
3908 2957 4125 3023 usque
4166 2940 4255 3001 ad
4300 2938 4528 3013 fineen
4615 2941 4682 3003 id
4724 2953 4867 3020 est,
4906 2960 5017 3007 us-
5054 2984 5079 3003 .

3054 3044 3187 3107 que
3230 3025 3317 3090 ad
3362 3020 3907 3111 glorificationem
3944 3019 4321 3089 Ecclesiae.
4407 3025 4602 3091 Nunc
4647 3028 5017 3095 intueamur

3054 3110 3377 3194 imagines
3420 3108 3804 3193 propositas
3848 3109 3914 3172 in
3958 3104 4089 3173 hoc
4135 3119 4343 3175 textu.

3230 3194 3350 3259 His
3394 3194 3728 3272 sciamuS,
3773 3190 3944 3259 velle
3988 3214 4116 3261 nos
4162 3192 4502 3265 Christum
4546 3196 4886 3271 adhortari
4928 3200 5015 3262 ad

3056 3279 3547 3363 poenitentiam,
3591 3291 3658 3347 et
3700 3280 3965 3356 docere,
4010 3280 4189 3385 quid,
4234 3292 4301 3345 et
4344 3278 4561 3368 qualis
4598 3302 4753 3349 esse
4780 3284 5018 3349 debeat

3058 3366 3460 3449 poenitentia
3487 3410 3506 3442 ,
3576 3376 3643 3429 et
3707 3363 4070 3444 consolari,
4137 3367 4317 3453 quod
4389 3387 4548 3434 vere
4614 3371 5017 3453 recipiantur

3057 3452 3849 3537 agentaspoenitentiam.
3915 3450 4089 3515 Nan
4126 3454 4213 3517 ad
4258 3453 4387 3517 hos
4431 3466 4570 3519 tues
4616 3452 4809 3531 fines,
4852 3466 5016 3519 tam·

3060 3543 3257 3623 qnam
3322 3538 3409 3602 ad
3474 3556 3553 3601 sc
3796 3532 4171 3601 meserende.
4234 3549 4393 3601 sunt
4454 3540 4625 3602 istae
4665 3539 5015 3621 imagines.

3061 3623 3121 3686 l.
3166 3622 3341 3688 Sunt
3377 3621 3905 3698 adhortationes,
3947 3631 4019 3685 ut
4059 3641 4335 3705 agamus
4378 3622 4885 3702 poenitentiam„
4947 3625 5012 3686 2.
5118 3630 5125 3637 '

3058 3719 3215 3774 sunt
3276 3711 3578 3794 picturae
3632 3707 4135 3790 praecipuarum
4198 3706 4478 3789 partium
4540 3707 5017 3791 poenitent-ing
5130 3782 5137 3789 ,

3059 3794 3122 3858 3.
3168 3807 3507 3879 postremo
3548 3803 3707 3857 sant
3746 3788 3981 3856 dulces
4023 3787 4522 3857 consolationes
4565 3794 4650 3858 de
4693 3795 5015 3878 receptio-

3057 3877 4089 4033 nbpdaaffifflffipnoenitentiam.
4172 3876 4316 3941 Nos
4359 3896 4441 3942 ex
4486 3876 4775 3963 singulis
4815 3900 5013 3946 voc&

3674 3983 3779 4028 us.

3062 4295 3283 4399 Quid
3342 4256 3748 4408 significat
3805 4295 4079 4406 imago
4150 4295 4497 4407 pastoris
4552 4297 5010 4406 quaerentis

3061 4481 3304 4534 ovem
3365 4452 3811 4562 perditam,
3906 4462 3992 4533 et
4062 4451 4550 4561 imponentis
4613 4479 4799 4539 eam
4857 4452 5011 4534 hu-

3761 4600 4011 4683 meris
4062 4601 4294 4686 suis?

3235 4869 3482 4939 Pastor
3526 4876 3631 4935 est
3670 4864 3882 4935 Filius
3903 4863 4060 4947 Dei,
4103 4868 4215 4955 qui
4258 4869 4586 4935 derivavit
4627 4870 4695 4943 in
4737 4888 4815 4937 se
4855 4888 5015 4957 poe-

3062 4976 3217 5027 nam
3258 4964 3691 5041 peccatorum
3748 4962 4166 5033 nostrorum,
4225 4965 4290 5020 et
4331 4965 4553 5042 gestat
4595 4974 4743 5021 nos.
4830 4952 4904 5019 ld
4946 4956 5017 5023 in

3062 5040 3267 5113 Esaia
3307 5036 3588 5125 pulchre
3632 5039 4033 5105 describitur
4077 5038 4271 5107 simili
4330 5040 4642 5127 imagine:
4733 5040 5019 5109 Gestabo

3062 5147 3181 5195 vos
3221 5129 3390 5195 sicut
3426 5132 3667 5210 pastor
3709 5144 3946 5211 agnum
3978 5146 4204 5192 recens
4246 5127 4518 5193 editum:
4577 5125 4663 5192 Et
4706 5124 5016 5199 Christus

3065 5214 3085 5277 i
3136 5232 3215 5283 se
3255 5214 3321 5279 in
3369 5212 3494 5285 uit:
3561 5210 3767 5276 Nemo
3807 5214 4029 5297 rapiet
4072 5233 4225 5283 oves
4278 5233 4454 5279 meas
4496 5234 4578 5291 ea:
4621 5232 4811 5278 marm
4851 5232 5014 5278 mea.

3128 5320 3217 5364 on
3263 5319 3344 5364 so
3373 5320 3483 5363 um
3526 5298 3762 5382 recipit
3816 5299 3883 5362 in
3927 5318 4002 5363 se
4047 5318 4302 5383 poenas
4350 5309 4730 5365 nostrorum
4864 5318 5018 5369 cca-

3065 5396 3304 5463 torum,
3349 5395 3414 5449 et
3455 5385 3690 5449 merito
3738 5405 3862 5448 suo
3907 5382 4294 5448 reconciliat
4331 5402 4454 5447 nos
4476 5382 4653 5462 Deo,
4676 5404 4752 5449 se
4820 5384 5020 5450 etiam

3065 5467 3371 5536 efficacia
3414 5491 3539 5536 sua
3580 5489 3707 5535 nos
3756 5480 4133 5534 conservat.
4244 5468 4435 5534 Hanc
4476 5470 4829 5556 imaginem
4870 5490 5019 5536 sae-

3064 5576 3152 5644 pe
3194 5556 3630 5641 aspiciamus,
3689 5575 3840 5621 cum
3884 5555 4220 5633 videmus,
4274 5575 4473 5643 quam
4516 5555 4723 5621 simus
4766 5556 5019 5638 miseri,
