5934 6709
468 664 531 733 tal
1108 660 1221 727 PHlL.
1244 660 1350 729 hlEh.
1374 658 1563 727 StttttP'rA
1585 655 1851 725 EXEGETlOA.
2425 656 2491 725 132

471 852 592 919 discite
614 872 656 918 ex
678 849 745 920 hoo
766 862 877 931 textu,
907 852 998 937 quod
1016 851 1172 919 Christus
1194 851 1274 920 88111
1296 851 1457 940 colligere
1506 848 1549 914 de
1570 847 1780 936 gravissimis
1800 847 1903 911 rebus
1924 864 1989 913 nos
2011 844 2307 926 docere'debebat,
2324 842 2492 915 translata

470 935 659 1005 Ecclesiam
705 959 743 1003 er
762 940 979 1005 ministerium
989 937 1178 1027 Evangelii.
1222 939 1271 1006 lbi
1293 952 1345 1006 est
1366 938 1456 1005 haud
1506 946 1560 1000 est
1588 935 1632 999 ad
1660 934 1831 1019 imperium
1861 933 2071 999 mundanum·
2126 928 2203 1005 Qua
2231 953 2275 998 ex
2301 952 2339 997 ra
2365 930 2493 1001 multae

472 1027 572 1092 dubie
609 961 786 1104 Eccdhsia,
826 1027 883 1090 ubi
923 1037 976 1091 est
1016 1028 1233 1094 ministerium
1271 1024 1455 1112 Evangelii.
1506 1016 1713 1087 calamitates
1736 1030 1874 1085 secutae
1895 1030 1983 1085 sunt.
2027 1016 2236 1084 Dimicarunt
2257 1019 2363 1084 nostri
2385 1018 2493 1104 impe-

471 1113 654 1177 Praeterea
685 1110 841 1177 Ecclesia
873 1122 927 1177 est
958 1108 1098 1199 alligata
1130 1115 1174 1179 ad
1200 1131 1320 1179 vocern
1346 1112 1456 1178 Evan-
1505 1118 1637 1173 ratores
1660 1125 1735 1172 cum
1757 1103 1851 1191 Papa
1873 1105 1914 1171 de
1937 1102 2048 1185 ltalia,
2077 1102 2181 1189 longo
2212 1116 2374 1191 tempore.
2419 1106 2492 1172 Sed

472 1195 568 1285 gelii,
590 1218 658 1262 non
681 1199 724 1262 ad
747 1216 932 1281 personas,
965 1218 1034 1264 non
1056 1201 1100 1265 ad
1121 1197 1215 1272 loca,
1248 1219 1316 1264 non
1338 1200 1381 1264 ad
1402 1220 1456 1266 nr-
1506 1190 1566 1257 illa
1588 1213 1656 1257 non
1678 1201 1757 1258 sunt
1779 1212 1907 1258 summa
1924 1188 2024 1256 mola.
2058 1187 2135 1256 Alia
2150 1202 2230 1256 sunt
2244 1192 2372 1256 maiora
2389 1188 2491 1273 mela,

471 1286 547 1350 bem
570 1283 722 1363 Romam,
744 1281 800 1349 vel
821 1285 864 1349 ad
886 1284 1005 1351 similia
1026 1286 1174 1372 imperta.
1219 1284 1280 1351 ldis
1302 1286 1457 1366 addatur,
1506 1278 1596 1365 quod
1611 1275 1829 1363 Evangelium
1852 1288 1904 1343 est
1926 1279 2155 1349 obscuratum.
2173 1289 2207 1341 et
2229 1278 2322 1362 quod
2341 1296 2411 1343 non
2433 1278 2492 1345 do

472 1372 563 1516 88811
582 1368 739 1437 Christus
761 1371 879 1456 inquit:
912 1370 1035 1434 Portae
1050 1374 1222 1451 insacrum
1242 1392 1306 1433 non
1323 1392 1456 1453 proeco-
1508 1377 1666 1443 suerunt,
1696 1364 1786 1451 quod
1813 1384 1875 1449 per
1896 1384 1939 1429 ac
1961 1374 2098 1448 propter
2119 1360 2236 1429 Filium
2257 1361 2324 1429 Dei
2345 1364 2492 1449 accipia-

485 1457 587 1519 ebant.
634 1456 727 1521 llaec
749 1453 880 1531 8811118
902 1455 1011 1523 dulcis
1034 1455 1222 1526 consolatio
1241 1476 1346 1544 saepe
1363 1478 1456 1545 repe·
1506 1470 1581 1519 mut
1601 1452 1759 1518 iustitiam
1782 1461 1817 1515 et
1837 1451 1938 1516 vitam
1959 1459 2140 1515 aeternam·

472 1544 546 1609 tila:
567 1543 666 1629 111888
688 1545 792 1625 rapiet
814 1564 885 1605 coer
905 1564 989 1606 meas
1011 1563 1053 1605 88
1072 1566 1164 1607 manu
1186 1566 1260 1610 888.

552 1625 725 1735 ι18818188
754 1626 903 1711 laborat,
931 1642 968 1695 ut
991 1633 1102 1697 turbet
1123 1629 1328 1738 Ecclesiam,
1355 1627 1457 1736 iaciat

472 1726 820 1869 itt'itiddddi
839 1714 1458 1881 it‘tt‘dtd‘balitiddfiit
1578 1772 1821 1843 EXCERPTA
1853 1772 1917 1842 EX
1948 1771 2154 1839 saroam
2188 1772 2414 1841 ANN0¹³UM

473 1899 528 1953 881
547 1884 796 1965 umbraculum,
823 1900 939 1955 servat
964 1888 1096 1975 aliquos
1120 1905 1255 1964 coetus,
1284 1902 1319 1957 81
1340 1909 1455 1955 serva·
1854 1892 2136 1961 RHAPSODHS.

472 1976 521 2039 bit
553 1992 619 2038 nos
653 1970 818 2059 singulos.
873 1973 946 2041 Nos
978 1977 1152 2044 vincemus
1185 1981 1261 2061 ipso
1294 1979 1328 2041 18
1355 1976 1454 2041 nobis

473 2062 642 2186 v¹¹¹⁰⁰¹¹“³'’·
661 2056 846 2209 ‘tilii
868 2060 1048 2226 1111111
1063 2064 1454 2213 ..diffidabat
1505 2065 1824 2220 8811811111,
1845 2066 2384 2218 ⁸”ti⁵..td.⁰.id¹⁶ddiiii⁶⁸
2409 2078 2492 2219 ddi

472 2146 580 2293 1380818
589 2148 690 2294 (1811νῖ1
715 2233 775 2313 Et,
803 2234 910 2295 semea
937 2237 1075 2298 88118818
1100 2172 1237 2299 8881171881
1265 2234 1453 2316 88881888-
1503 2258 1683 2393 possumus
1706 2175 1816 2304 darem
1830 2198 1921 2303 ’88118
1945 2240 1987 2303 de
2005 2239 2231 2324 magnitudine
2251 2198 2378 2318 rerunt,
2403 2258 2491 2325 8888

469 2322 591 2399 pentir:
613 2316 671 2398 Eia
694 2320 791 2381 ΝΜ
812 2322 918 2401 ’111181
940 2340 1012 2384 coes
1034 2344 1117 2385 ”¹0⁰³
1146 2344 1188 2385 σε
1207 2322 1347 2383 mamam
1368 2322 1452 2381 mei-t·
1528 2329 1560 2391 ic
1582 2324 1843 2410 comprehensae
1866 2334 1960 2405 sunt,
1982 2325 2107 2392 dicere:
2122 2326 2191 2390 sed
2214 2337 2324 2391 tamen
2347 2322 2490 2413 diligen·

451 2404 564 2483 -llent,
586 2405 690 2467 Filias
708 2406 772 2467 Dei
793 2411 1006 2488 8888181181
1029 2411 1172 2472 destruct
1193 2430 1291 2492 88888
1308 2406 1450 2469 Diaboli.
1504 2425 1556 2478 ωι-
1578 2413 1621 2478 de
1643 2414 1684 2477 iis
1708 2432 1749 2477 co
1775 2412 1921 2475 itandum
1944 2422 2008 2475 est.

559 2489 625 2555 Pro
653 2489 706 2557 his
734 2493 825 2579 agite
847 2494 922 2559 Deo
948 2498 1091 2581 gratias,
1118 2508 1303 2584 aggregato
1324 2514 1387 2558 vos
1409 2494 1452 2557 ad
1596 2496 1642 2560 ab
1674 2518 1708 2559 es
1767 2497 1899 2568 hristus,
1939 2496 2041 2558 1111188
2079 2496 2144 2557 Dei
2180 2500 2320 2560 vicentia.
2383 2493 2489 2563 Plano

473 2573 676 2643 Ecclesiam:
711 2575 868 2665 Cogitate
894 2601 959 2647 888
988 2601 1066 2647 esse
1093 2584 1242 2647 membra
1265 2578 1452 2645 Ecclesiae:
1506 2585 1622 2650 tudem
1653 2594 1708 2650 est
1744 2584 1829 2649 ratio
1868 2580 2085 2649 articulorum
2123 2583 2157 2646 in
2195 2581 2329 2650 Graeca
2361 2580 2489 2669 lingua,

473 2664 618 2727 sciamus
648 2665 862 2730 adversarios
891 2688 959 2731 non
987 2688 1064 2733 esse
1085 2666 1283 2733 Ecclesiam.
1328 2667 1452 2731 Proba.
1506 2672 1643 2757 quaein
1666 2669 1876 2734 Germanica.
1927 2669 1963 2732 18
1992 2669 2126 2733 Graeco
2155 2680 2227 2746 est,
2256 2669 2292 2733 od
2315 2666 2345 2733 el
2364 2666 2381 2733 o‘
2403 2672 2488 2755 Xoa-

474 2748 573 2820 Qan’a,
608 2751 1454 2835 8881881881138881188888811,88811888
1506 2756 1594 2837 στὰς,
1617 2756 1633 2819 ὁ
1654 2755 1716 2829 υἱὸς
1737 2756 1789 2819 roi
1808 2760 1887 2819 888
1907 2758 2022 2834 ζῶντος.
2072 2754 2108 2817 18
2131 2754 2250 2820 Latino
2272 2757 2420 2821 absurde
2441 2756 2488 2819 di·

472 2837 525 2895 rit.
573 2834 698 2899 Omnes
720 2832 785 2916 illi,
810 2838 865 2923 881
887 2851 1134 2926 persequuntur
1155 2837 1363 2918 Ecclesiam,
1385 2859 1453 2903 non
1506 2854 1652 2910 cereturr
1680 2840 1724 2903 ab
1745 2842 1976 2902 exitiabiliore
1995 2840 2061 2901 Dei
2080 2844 2219 2903 oiomtir.

473 2932 551 2983 sunl
574 2918 738 2986 Ecclesia.
783 2920 909 3005 Paulus
938 2926 1033 2991 dicit:
1068 2926 1163 2998 Quod
1184 2929 1247 2988 8181
1268 2929 1454 3007 impostores
1592 2928 1721 2993 Suntne
1752 2930 1840 2992 idem
1872 2924 2047 2992 Articulus
2080 2938 2115 2991 et
2143 2926 2353 2993 Pronornen‘i
2396 2926 2487 2992 Non.

473 3014 504 3066 il
532 3008 665 3086 Ῥῑΐῖῑω
697 3012 836 3081 timei,
870 3013 925 3091 qui
946 3012 1115 3093 prohibent
1143 3015 1334 3095 conduplicat
1362 3010 1454 3097 Ergo
1506 3016 1658 3080 Ostende
1675 3016 1854 3078 discrimen
1871 3015 1905 3078 in
1924 3012 2142 3078 Germanico:
2165 3012 2226 3075 th
2241 3016 2300 3073 mir
2317 3012 2379 3073 dea
2392 3015 2490 3087 wedam

472 3088 520 3155 1111
543 3093 712 3177 agitantur
733 3116 753 3158 a
775 3092 910 3162 Diaboli
933 3100 988 3183 881
1010 3098 1196 3184 prohibent.
1250 3096 1308 3163 1118
1336 3108 1453 3162 coetus
1507 3114 1558 3180 et,
1580 3100 1634 3183 8ἰό
1655 3103 1715 3161 mir
1737 3100 1844 3160 diesen
1860 3102 1950 3160 raaia.
2000 3098 2115 3164 Oratio
2137 3102 2284 3185 ἔναρθρος
2305 3109 2417 3179 881881
2440 3094 2490 3162 ef·

473 3190 599 3242 tanttun
622 3192 675 3244 cst
696 3179 868 3262 Ecclesia,
894 3184 949 3269 qul
972 3183 1182 3270 amplectitur
1203 3205 1321 3251 vocem
1344 3184 1454 3248 Evan·
1507 3187 1587 3253 ferri
1620 3207 1681 3271 per
1713 3184 1904 3251 articulant
1936 3188 1995 3247 cte
2022 3189 2081 3246 wir
2117 3184 2282 3246 Teatschen
2309 3183 2422 3254 redeo,
2453 3193 2489 3247 81

474 3262 551 3350 gelii
574 3265 814 3350 incorruptam,
841 3270 931 3334 iusta
955 3272 1095 3335 dictum:
1132 3272 1212 3333 Ooes
1239 3292 1323 3333 meae
1352 3291 1455 3331 vocem
1508 3272 1664 3361 ἄναρθρος
1685 3274 1758 3337 sine
1779 3269 1929 3337 articulo,
1975 3270 2166 3351 paniculus,
2188 3271 2252 3335 etsi
2273 3282 2342 3335 non
2360 3269 2489 3355 signifi.

472 3370 566 3410 meam
590 3354 730 3414 catelinot.
784 3354 883 3434 ltenr,
904 3356 994 3418 Estir
1015 3359 1178 3438 aedificati
1203 3379 1297 3438 suaper
1317 3356 1455 3438 lapidem
1508 3372 1563 3426 eat
1590 3360 1926 3433 demonstrationem,
1961 3368 2069 3422 tamen
2099 3356 2267 3445 significat
2293 3354 2493 3421 determina·

474 3437 670 3517 artptdarem,
692 3460 779 3521 quem
801 3442 1002 3522 oeriificantes
1019 3444 1272 3525 roprcdooerwtt.
1507 3448 1642 3511 tionem.

559 3522 661 3609 Agite
683 3522 758 3589 Deo
782 3528 927 3611 gratias,
956 3530 1045 3615 quod
1074 3542 1260 3596 88881888
1282 3528 1326 3592 ad
1347 3530 1454 3592 socie·
1593 3532 1686 3595 11888
1707 3532 1890 3596 sententia:
1918 3529 2041 3591 Beatus
2063 3550 2096 3590 eo
2116 3528 2240 3598 Simon,
2263 3530 2340 3609 8818
2361 3548 2439 3589 coro
2460 3535 2493 3589 et

473 3619 574 3673 tatern
609 3608 800 3689 Ecclesiae,
834 3626 868 3677 et
901 3627 1013 3693 orate,
1046 3627 1083 3680 ut
1115 3628 1212 3702 regat
1240 3634 1303 3679 vos
1333 3612 1458 3697 Spiritu
1508 3620 1639 3699 scopatio
1661 3616 1803 3678 tibicen
1824 3616 1989 3688 esudavit,
2023 3626 2075 3681 est
2102 3626 2227 3681 tanturn
2249 3616 2283 3678 in
2305 3611 2490 3693 blatthaeo,

475 3705 593 3759 sancto
622 3716 702 3774 suo,
736 3708 770 3761 et.
798 3712 913 3764 servet
934 3698 1131 3766 Ecclesiam.
1187 3701 1284 3779 1188,
1319 3701 1457 3764 discatis
1509 3715 1542 3769 et
1564 3704 1688 3770 nonin
1711 3702 1813 3768 Luca.

475 3782 566 3848 illane
589 3782 853 3849 consolationem
876 3788 917 3851 de
939 3788 1134 3868 ministerio,
1155 3787 1249 3851 Dodo
1268 3786 1327 3850 tibi
1343 3787 1456 3851 claves.
1594 3792 1709 3873 Πέτρος
1731 3790 1844 3853 dicunt
1870 3805 1948 3851 esse
1970 3787 2134 3852 Atticum:
2163 3794 2277 3873 πέτρα,
2304 3804 2491 3851 commune.

474 3867 592 3933 Totum
615 3869 831 3935 ministerium
850 3884 967 3951 88881,
990 3875 1105 3936 elaeae:
1134 3875 1211 3960 quia
1233 3886 1286 3940 est
1307 3884 1457 3959 potestas
1509 3876 1577 3940 Sed
1598 3876 1734 3952 nescio,
1756 3895 1798 3937 an
1822 3874 1873 3936 sic
1894 3874 1948 3937 sit.
1993 3873 2208 3938 Grammatici
2236 3872 2364 3938 faciunt
2389 3868 2492 3936 talem

475 3954 645 4039 aperiendi
668 3954 862 4022 thesaurum
880 3961 975 4045 regni
990 3961 1065 4026 Dei.
1098 3958 1351 4025 materfamilias
1369 3958 1457 4025 clau·
1509 3963 1764 4027 distinctionem.
1797 3959 1872 4045 Ego
1890 3979 1992 4043 saepe
2014 3980 2054 4024 co
2081 3961 2171 4037 tavi,
2194 3970 2305 4023 motus
2328 3954 2491 4041 exemplis

476 4044 524 4105 dit
546 4052 577 4103 et
600 4042 723 4127 aperit,
746 4045 899 4110 recondit
922 4058 955 4109 et
977 4048 1105 4131 promit.
1151 4046 1208 4112 Sic
1230 4046 1371 4111 ministri
1393 4045 1457 4111 Ec·
1508 4048 1598 4132 apud
1621 4046 1811 4125 Honrerum,
1833 4053 1942 4131 πέτρον
1963 4046 2052 4133 signi
2078 4065 2155 4110 care
2176 4056 2316 4153 partem,
2333 4056 2367 4108 et
2382 4051 2493 4127 πέτραν

476 4126 602 4191 clasiae
630 4129 822 4213 praedicant
850 4133 1050 4213 doctrinam,
1083 4134 1314 4199 administrant
1336 4132 1457 4198 Sacra·
1510 4145 1631 4212 tottam,
1661 4136 1750 4193 81888
1776 4139 1907 4213 panton
1934 4130 2121 4215 88888188.
2177 4132 2244 4195 aed
2275 4129 2493 4195 Grammatlci

477 4225 606 4292 monta,
637 4214 794 4281 exhibent
816 4218 905 4285 dona
928 4218 1057 4298 divina,
1085 4221 1299 4298 annuntiant,
1322 4230 1355 4283 81
1378 4217 1458 4283 8118-
1510 4218 1606 4283 aliter
1628 4219 1739 4283 dicunt
1747 4242 1756 4291 ;
1784 4239 1849 4283 nec
1872 4238 2039 4304 repugno:
2070 4216 2243 4301 Significat
2270 4217 2371 4303 igitur
2393 4234 2492 4302 gene·
2556 4270 2560 4277 .

475 4311 552 4365 runt
586 4302 814 4367 remissionem
848 4316 1074 4388 peccatorum.
1129 4305 1204 4393 Ego
1239 4306 1345 4370 debeo
1380 4324 1459 4371 esse
1510 4303 1625 4370 raliter
1658 4325 1775 4369 saxium
1808 4305 1881 4368 sive
1914 4323 2086 4389 magnum,
2122 4304 2195 4367 stre
2227 4323 2383 4386 parvum,
2417 4302 2494 4368 sive

477 4398 607 4465 certus,
641 4397 674 4452 et
706 4401 799 4453 certo
828 4401 992 4470 statuere,
1024 4392 1136 4457 audita
1164 4412 1250 4457 8888
1272 4390 1458 4478 Evangelii,
1510 4402 1637 4477 partem
1660 4404 1793 4475 petrae,
1817 4402 1855 4454 81
1876 4399 1928 4453 881
1950 4409 2052 4474 88888
2074 4390 2107 4451 18
2129 4388 2285 4453 Homero.

476 4472 557 4537 mihi
579 4474 698 4538 rcrnitti
721 4486 870 4559 peccata.
904 4476 998 4543 11888
1017 4479 1170 4543 remissio
1185 4478 1234 4558 lit,
1257 4499 1325 4542 non
1348 4477 1458 4544 solum
1597 4477 1632 4541 ln
1660 4480 1732 4543 iure
1760 4475 1932 4541 Canonico
1960 4488 2031 4554 881,
2065 4477 2155 4560 quod
2184 4472 2305 4539 Petrus
2326 4475 2371 4539 sit
2393 4482 2494 4559 caput

476 4560 509 4621 in
533 4559 664 4643 privata
693 4558 919 4628 absolutione:
950 4565 1010 4627 sed
1040 4566 1138 4629 ctiam
1167 4565 1200 4629 in
1223 4562 1357 4651 publica
1380 4585 1459 4630 con·
1510 4561 1767 4712 Apostolorum:
1796 4564 1873 4647 quia
1901 4562 2087 4626 nominetur
2122 4560 2247 4643 Cepha.-
2275 4561 2365 4625 unde
2400 4557 2495 4645 Papa

478 4647 593 4723 cione,
627 4648 760 4731 quando
795 4646 1008 4731 amplecteris
1044 4650 1111 4715 lide
1149 4649 1391 4738 Evangelium,
1426 4662 1460 4715 et
1512 4651 1690 4738 goriatur,
1719 4648 1808 4734 quod
1838 4649 1913 4732 ipse
1943 4666 2076 4732 888888
2097 4648 2142 4711 sit
2163 4659 2264 4731 caput
2285 4656 2495 4711 caeterorum

478 4731 668 4796 consolaris
697 4747 730 4798 te
758 4754 844 4799 voce
872 4733 1059 4824 Evangelii.
1114 4735 1323 4803 Praedicatio
1350 4737 1459 4803 Evan—
1510 4732 1763 4820 Apostolorum.
1797 4732 1866 4799 Sed
1884 4733 2023 4801 dicimus
2045 4729 2250 4819 simpliciter,
2273 4733 2363 4819 qaod
2386 4730 2495 4813 Cepha

477 4817 557 4903 gelii
581 4832 633 4882 est
660 4821 865 4886 annuntiatio
895 4823 1102 4889 remissionis
1129 4826 1459 4908 8888818888,8188
1510 4842 1578 4887 888
1601 4820 1771 4909 significet
1792 4840 1830 4884 ca
1856 4832 1910 4897 ut,
1932 4819 2079 4904 κεφαλήν,
2102 4819 2164 4883 sed
2186 4841 2224 4883 ru
2250 4839 2321 4897 cm,
2351 4820 2402 4879 eia
2419 4814 2493 4896 fala.

476 4904 510 4967 in
544 4904 679 4988 publica
712 4908 894 4989 concione,
927 4912 998 4977 sive
1024 4912 1057 4975 in
1083 4910 1215 4994 privata
1237 4908 1460 4989 absolutione,
1511 4907 1628 4993 Cepha
1655 4928 1724 4974 non
1752 4920 1805 4971 est
1867 4926 2021 4984 raecum,
2050 4906 2112 4971 sed
2134 4917 2186 4970 est
2240 4907 2415 4982 ebraeum,
2438 4898 2494 4967 vel

476 4991 550 5056 sive
572 4991 604 5054 18
627 5013 691 5058 888
713 4994 1015 5063 sacramentorum.
1060 4997 1129 5064 Sed
1151 4998 1185 5061 18
1208 4996 1337 5082 privata
1359 4999 1459 5062 absc·
1512 4995 1685 5081 Syriacum
1708 4989 2496 5077 81811,111881,ι88881181186881888τί888

476 5073 1107 5170 18118881188811881188181888188.
1143 5082 1202 5150 Sic
1224 5084 1323 5149 etiem
1343 5080 1460 5149 infanti
1535 5082 1589 5147 uia
1621 5093 1700 5147 sunt
1734 5078 1867 5146 dialecti
1906 5097 1968 5164 pro
2008 5080 2202 5144 diversitate
2241 5078 2401 5165 gentium.
2455 5072 2496 5140 18

477 5165 622 5229 donatur
653 5187 715 5250 per
748 5170 968 5252 baptismum,
1000 5172 1076 5235 item
1107 5171 1141 5236 in
1176 5190 1283 5236 coena
1315 5169 1458 5236 Domini.
1512 5103 1713 5234 1188888188
1734 5163 1849 5253 lingua
1869 5165 1967 5231 aliter
1994 5164 2176 5251 loquuntur
2197 5162 2368 5241 Saxones,
2396 5158 2497 5226 aliter

477 5248 564 5315 Sunt
587 5252 674 5316 enim
697 5251 916 5321 Sacramenta
938 5257 1145 5337 testimonla,
1163 5278 1250 5344 8888
1272 5275 1460 5323 commone-
1511 5254 1714 5334 Misnenses,
1732 5266 1766 5319 et
1781 5251 1847 5319 alii.
1881 5251 1939 5318 Sic
1961 5250 2101 5339 Syriaca
2122 5261 2157 5316 81
2175 5247 2358 5315 Chaldaioa
2378 5243 2496 5334 lingua

476 5334 679 5418 188188118,
707 5351 743 5406 81
765 5342 904 5423 credas,
933 5345 1024 5430 quod
1044 5363 1106 5429 per
1128 5354 1162 5409 et
1183 5356 1321 5431 propter
1342 5340 1460 5409 111188
1513 5352 1565 5407 est
1591 5340 1761 5407 Hebraea:
1791 5336 1945 5405 Dialecto
1975 5347 2103 5404 tantum
2138 5334 2304 5401 differunt.
2352 5331 2497 5399 Exstant

475 5420 543 5489 Dei
564 5426 773 5492 restittantur
795 5428 852 5494 tibi
871 5440 1023 5535 peccata,
1044 5441 1077 5496 81
1094 5430 1184 5515 quod
1206 5432 1251 5495 811
1271 5428 1461 5495 mandatum
1512 5425 1588 5493 libri
1618 5422 1907 5515 Evangelistarum
1934 5425 1967 5489 in
1996 5420 2043 5489 lin
2134 5418 2336 5490 Chaldaica:
2365 5431 2398 5485 et
2428 5437 2496 5505 ego

477 5506 551 5579 Filii
574 5510 658 5592 Del,
686 5523 722 5581 ut
742 5526 956 5583 annuntietur
977 5516 1036 5583 tibi
1056 5517 1211 5583 remissio
1233 5526 1459 5603 peccatorum.
1513 5514 1583 5580 vidi
1602 5510 1743 5580 fonnem
1760 5512 1888 5580 Missae
1907 5507 1997 5578 111188
2014 5508 2043 5575 O
2067 5506 2219 5576 aldaicae
2239 5505 2386 5597 linguae,
2408 5523 2500 5593 qaae

566 5599 726 5688 lingnam
744 5596 875 5671 malum
902 5613 974 5681 est,
1007 5604 1098 5691 quod
1124 5598 1183 5670 illa
1205 5602 1344 5682 concio,
1374 5620 1462 5690 8888
1514 5611 1567 5669 est
1588 5598 1757 5669 Eebralca
1777 5620 1855 5667 cum
1875 5594 1989 5684 811888
2010 5593 2213 5683 conuptela
