5934 6709
471 668 535 739 ror
1109 668 1220 736 euru.
1242 668 1347 736 unu.
1368 668 1558 738 scurra
1577 667 1844 740 muruco„
1994 648 1998 656 “
2421 666 2493 734 roa

472 872 541 925 turn
562 858 624 922 riri
645 869 867 942 praestantes,
884 857 941 941 qui
964 869 1059 922 erant
1080 855 1204 923 lumina
1228 859 1337 944 gentis
1350 857 1455 924 Grac-
1477 867 1481 932 Ι
1506 858 1650 922 instituti
1672 858 1750 921 siut.
1815 856 1957 922 Debetis
1986 859 2103 922 timere
2131 869 2164 921 et
2184 859 2343 923 invocare
2363 856 2491 936 Deum,

473 965 545 1010 cae.
574 942 737 1027 Tempore
760 941 999 1008 Demosthenis
1021 964 1133 1009 roaren
1155 964 1192 1010 er
1211 949 1372 1027 rttimpler
1388 947 1481 1044 und!
1505 955 1539 1008 ει
1558 954 1684 1028 'postea
1706 944 1927 1009 obedientiam
1945 955 2119 1030 praestare
2135 946 2168 1008 in
2192 945 2332 1010 cacteris
2350 965 2491 1027 praece·

472 1031 620 1114 hampier
642 1035 703 1094 wie
724 1027 890 1093 Homerus
911 1038 1004 1112 rapt:
1031 1028 1175 1112 Ἀχαιΐδες
1196 1029 1250 1093 cdx
1271 1029 1312 1094 ἔτ’
1332 1028 1454 1113 Ἀχαιοί.
1503 1028 1582 1114 ptis.
1626 1025 1678 1092 llli
1702 1026 1863 1094 volebant
1885 1051 2034 1116 pugnare
2056 1052 2117 1115 pro
2141 1027 2255 1114 politia
2278 1043 2310 1094 et
2328 1031 2486 1113 pecunia,

401 1189 405 1195 Δ
558 1115 607 1178 lta
618 1116 652 1179 in
664 1113 788 1178 iudaea
804 1127 885 1179 tunc
906 1135 974 1180 non
992 1116 1127 1182 fuerunt
1147 1113 1274 1180 similes
1292 1128 1454 1196 veterum,
1476 1069 1481 1202 f
1503 1134 1571 1179 nou
1594 1116 1757 1179 curabant
1779 1116 1981 1192 doctriuam3
2004 1130 2099 1181 erant
2119 1128 2358 1200 persecutores
2375 1114 2490 1180 Eran-

472 1223 539 1267 non
573 1198 706 1266 fuerunt
738 1198 825 1266 tales
859 1202 921 1265 viri
954 1213 1111 1287 tempore
1145 1200 1305 1288 Pompeii,
1334 1199 1453 1288 quales
1476 1203 1481 1279 ἕ
1503 1198 1595 1286 gelii,
1617 1198 1776 1265 nolebant
1798 1202 1915 1267 audire
1938 1200 2126 1280 Christum,
2153 1222 2221 1267 nou
2244 1205 2429 1267 credebant
2451 1205 2486 1267 iu

472 1299 623 1372 tempore
646 1286 826 1361 Antiochi3
848 1285 952 1353 multo
975 1289 1084 1353 minus
1100 1285 1205 1368 tales,
1240 1284 1360 1374 quales
1382 1285 1453 1353 fuc-
1475 1282 1480 1426 q
1504 1306 1590 1351 eum.

472 1385 549 1438 ruut
571 1371 693 1450 Dauid,
716 1370 832 1438 iosias.
900 1372 936 1438 lu
959 1372 1118 1458 exemplis
1141 1394 1229 1439 mass
1250 1393 1325 1439 man
1345 1373 1480 1462 sebert,¹
1589 1375 1677 1437 octe
1698 1369 1851 1452 Caesari,
1869 1394 1954 1458 quoae
1975 1373 2133 1439 caesuris
2153 1382 2235 1439 atat.
2282 1373 2359 1440 Dos
2387 1386 2486 1440 suut

495 1461 552 1524 uid
574 1459 762 1536 conveniat,
785 1459 867 1524 dass
887 1463 948 1525 wir
968 1460 1056 1524 aicbt
1073 1480 1162 1546 seyrr,
1184 1463 1242 1525 mie
1263 1462 1317 1525 die
1336 1462 1454 1545 inopen
1476 1467 1479 1475 '
1503 1457 1609 1524 octat
1630 1458 1728 1522 aaut:
1751 1458 1785 1523 id
1807 1471 1870 1538 est,
1894 1480 1960 1524 uon
1973 1480 2191 1546 quaecuuque
2213 1455 2270 1525 ille
2290 1462 2388 1526 adse
2405 1480 2488 1547 quo·

472 1481 598 1622 diadar,
622 1545 677 1630 qui
699 1541 813 1610 volunt
835 1546 955 1611 imitari
977 1559 1152 1632 parentes,
1180 1548 1314 1631 quando
1339 1567 1453 1612 eorum
1475 1485 1479 1627 l
1504 1564 1635 1630 cunque
1657 1546 1772 1621 modo,
1804 1543 1861 1609 vel
1882 1547 1998 1629 specie
2020 1543 2184 1611 violenter
2216 1544 2378 1623 attrahet,
2412 1566 2484 1612 son·

471 1637 651 1702 neronum,
674 1641 708 1694 et
718 1651 860 1717 magnos
873 1633 1058 1698 cothurnos
1075 1633 1227 1707 induunt,
1249 1644 1282 1698 et
1304 1634 1453 1698 seetiam
1475 1630 1479 1721 ξ
1502 1631 1586 1694 aaa
1607 1650 1675 1695 roas
1696 1631 1766 1695 sein
1786 1631 1833 1695 ist
1878 1631 1954 1696 Non
1979 1643 2031 1697 est
2053 1634 2211 1717 principis
2233 1652 2306 1697 mea
2330 1634 2488 1712 coniunx,

471 1714 557 1782 tales
580 1736 658 1781 esse
674 1718 907 1804 imaginantur.
974 1719 1083 1803 Saepe
1117 1719 1268 1782 homines
1296 1731 1398 1783 ruunt
1420 1730 1453 1783 et
1475 1734 1478 1800 j
1502 1728 1560 1784 aut
1582 1713 1663 1793 filia,
1685 1718 1747 1780 sed
1771 1728 1823 1780 est
1845 1738 1920 1782 mea
1940 1719 2096 1790 coniunx,
2118 1739 2191 1783 mea
2213 1715 2291 1782 filia.
2336 1718 2397 1783 Sic
2418 1739 2485 1783 non

472 1815 652 1868 accersunt
673 1803 736 1868 sibi
760 1823 900 1890 magnas
924 1801 1133 1871 calamitates
1155 1804 1288 1889 decepti
1311 1805 1377 1871 hac
1398 1830 1451 1868 ra·
1474 1806 1479 1900 'p
1503 1798 1628 1866 habeut
1650 1812 1853 1886 potestatem
1876 1804 2024 1888 rapiendi
2047 1826 2088 1868 ex
2111 1801 2346 1882 facultatibus,
2380 1826 2483 1890 quau·

470 1892 600 2039 xoiqiip.
1475 1904 1478 1949 Ξ
1504 1900 1573 1952 tum
1597 1886 1724 1966 volunt,
1749 1900 1783 1951 et
1804 1884 1961 1975 quicquid
1984 1886 2120 1969 volunt,
2142 1891 2203 1955 scd
2225 1911 2312 1975 quae
2334 1891 2483 1976 ipsorum

590 1975 763 2059 espondeo
797 1995 898 2061 crgo:
934 1974 1028 2040 Pium
1061 1989 1114 2041 est
1148 1989 1181 2040 et
1214 1976 1452 2056 necessarium,
1475 1963 1479 2029 l
1502 1985 1592 2037 sunt.
1636 1973 1731 2039 Sicut
1752 1972 1895 2038 loannes
1917 1987 2046 2040 monet:
2070 1976 2182 2042 Estote
2202 1979 2346 2041 cantanti
2364 1984 2484 2059 stipen-

472 2063 534 2125 sed
563 2081 628 2208 pro
652 2071 820 2144 tempore,
854 2080 1028 2147 quousque
1050 2074 1103 2126 est
1126 2063 1278 2128 ordinata
1300 2061 1450 2128 defensio
1474 2085 1478 2156 3
1502 2060 1568 2124 dits
1587 2062 1717 2125 uestris.
1762 2059 1912 2142 Greitlen
1928 2065 1976 2126 sie
1997 2064 2118 2143 roeiter,
2141 2061 2253 2149 aliqua
2271 2064 2419 2128 servitus
2437 2074 2486 2128 to·

473 2148 597 2229 tempi.
642 2143 710 2209 lam
732 2148 939 2231 praedictum
962 2159 1053 2227 erat,
1089 2147 1188 2213 finem
1211 2146 1284 2214 fore
1305 2147 1451 2233 politiae,
1475 2157 1478 2227 ῑ
1503 2144 1641 2210 leranda
1664 2161 1729 2211 est:
1748 2147 1826 2231 quia
1844 2146 1984 2232 imperia
2006 2149 2140 2214 duriora
2151 2160 2322 2234 postremo
2335 2161 2486 2233 tempore

473 2245 505 2298 et
540 2231 709 2297 Christum
741 2244 916 2298 venturum
950 2234 983 2297 in
1015 2246 1134 2318 quarta
1166 2232 1385 2314 Monarchia,
1418 2245 1452 2298 et
1473 2233 1478 2312 Ἴ
1502 2231 1628 2310 mundi,
1650 2243 1729 2296 suut
1752 2230 1850 2296 simul
1873 2253 2014 2317 poenae,
2037 2249 2071 2299 et
2094 2231 2397 2300 commonefaciunt
2421 2254 2481 2298 nos

472 2317 627 2384 fortassis
651 2317 872 2402 significatum
895 2321 929 2384 in
951 2317 1105 2399 Daniele,
1124 2323 1216 2406 quod
1239 2333 1359 2406 quartu
1381 2341 1450 2385 mo·
1474 2322 1478 2365 ἲ
1504 2317 1545 2381 dc
1566 2319 1631 2382 fine
1654 2319 1782 2394 muudi,
1815 2329 1849 2381 et
1881 2320 1923 2384 de
1950 2322 2076 2400 uostris
2110 2322 2241 2408 maguis
2264 2323 2432 2405 peccatis:
2451 2331 2484 2385 et

471 2404 611 2469 narchia
633 2405 774 2488 pedibus
794 2419 965 2470 vastatura
987 2417 1080 2471 esset
1101 2403 1248 2493 politiam
1272 2407 1451 2472 iudaicam.
1475 2411 1478 2455 ἑ
1505 2405 1640 2489 quando
1674 2403 1856 2489 imperium.
1883 2419 1935 2470 est
1968 2407 2147 2486 turbatum,
2170 2427 2255 2493 opus
2278 2419 2332 2471 est
2354 2408 2483 2471 maiori·

472 2489 567 2556 Sicut
589 2491 709 2555 deinde
732 2493 828 2556 etiam
850 2493 883 2555 in
907 2489 1095 2557 Ecclesiam
1118 2495 1268 2558 exercuit
1296 2512 1452 2577 magnam
1476 2546 1480 2589 ἰ
1509 2491 1572 2553 bus
1596 2491 1794 2573 sumptibus.
1838 2486 1899 2555 illa
1923 2489 2076 2558 confusio
2100 2492 2191 2565 facit,
2214 2505 2249 2558 ut
2270 2495 2421 2578 rapiatur
2441 2513 2483 2556 ex

472 2573 698 2641 crudelitatem
721 2577 753 2641 in
776 2576 1014 2642 interficiendis
1037 2580 1240 2665 martyribus
1263 2600 1324 2664 per
1347 2589 1451 2644 totum
1475 2596 1479 2657 ς
1502 2571 1624 2654 alieno,
1646 2590 1682 2641 ut
1708 2575 1927 2661 impediantur
1959 2579 2079 2643 iudicia
2112 2592 2146 2644 et
2170 2579 2411 2644 administratio
2440 2579 2484 2642 di·

470 2664 504 2726 iu
532 2664 647 2727 orbem
676 2674 850 2741 terrarum,
883 2665 950 2728 und
982 2665 1060 2756 das·
1077 2664 1238 2750 pescMcbt
1269 2667 1327 2730 itzt
1357 2664 1450 2743 nocb,
1474 2679 1478 2760 ξ
1502 2660 1674 2748 sciplinae.

470 2747 551 2814 Gott
569 2747 666 2829 beill'e
686 2768 757 2813 uus.
804 2748 897 2814 Deus
915 2761 1029 2815 servet
1047 2749 1207 2836 reliquias
1229 2770 1312 2816 suuo
1333 2747 1478 2835 Eccle·3
1589 2748 1657 2815 Sed
1681 2745 1835 2812 Christus
1857 2747 1912 2812 bic
1934 2768 2002 2813 non
2024 2749 2130 2815 voluit
2152 2747 2360 2835 amplificare
2383 2747 2483 2814 licen·

470 2835 550 2900 siae.
616 2833 690 2898 Nos
716 2834 827 2899 adhuc
850 2832 949 2900 hodie
971 2837 1134 2900 sentimus
1159 2837 1262 2920 pedes
1285 2833 1375 2900 illius
1393 2837 1449 2902 be·
1475 2900 1478 2913 ,
1503 2835 1593 2913 tiam,
1616 2833 1677 2897 sed
1700 2835 1915 2919 restringere,
1939 2847 1974 2899 ει
1994 2835 2093 2902 simul
2114 2838 2238 2902 docere
2260 2837 2302 2899 de
2325 2837 2482 2901 obedieu-

471 2922 558 2985 stiae
582 2916 819 2986 conculcantis.
1474 2920 1560 3000 μία,
1596 2931 1631 2984 ιιι
1659 2921 1842 2984 tribuamus
1865 2935 2049 3005 quaesunt
2076 2925 2341 3009 magistratuum.
2388 2919 2485 2989 1.Ut

555 3005 631 3071 Dar
652 3007 696 3070 ist
716 3024 783 3070 aun
803 3007 893 3073 diese
913 3007 1109 3091 disputatio,
1143 3027 1230 3094 quae
1264 3019 1319 3073 est
1352 3006 1450 3074 valde
1474 3006 1478 3053 ⁵
1502 3006 1688 3070 tribuamus
1711 3006 1760 3070 cis
1783 3004 1965 3082 honorem3
1986 3007 2019 3072 2.
2043 3006 2372 3093 laborcmcorporis,
2393 3007 2484 3094 quod

470 3092 610 3157 erudita.
675 3089 866 3159 Defendere
899 3093 1083 3158 doctrinam
1105 3105 1140 3160 et
1162 3090 1293 3174 cultuS,
1325 3094 1450 3159 iustum
1474 3058 1477 3144 l
1502 3092 1546 3158 ad
1567 3089 1715 3156 militiam
1737 3091 1870 3166 attinet;
1893 3091 1922 3156 3.
1946 3105 1980 3157 et
2000 3094 2164 3180 stipendia
2188 3093 2244 3159 vel
2267 3095 2483 3159 contributio-

469 3175 608 3259 fuisset3
644 3180 705 3244 sed
738 3198 875 3244 movere
908 3177 1068 3245 tumultus
1090 3193 1228 3264 propter
1249 3179 1450 3265 corporalia,
1473 3183 1478 3281 Ι
1502 3199 1595 3243 nemr
1618 3196 1710 3241 mean
1729 3197 1810 3241 maa
1825 3198 2005 3243 zusammen
2021 3182 2097 3266 leat.

471 3285 538 3330 non
571 3277 644 3331 erat
675 3265 914 3332 necessarium.
980 3265 1026 3331 Es
1047 3286 1158 3331 waren
1180 3267 1270 3332 nicbt
1291 3266 1381 3332 meitr
1398 3268 1478 3349 diet
1533 3285 1540 3296 ·
1588 3262 1706 3328 Honos
1728 3274 1780 3328 est
1801 3284 2007 3351 agnoscere,
2033 3267 2122 3352 quod
2149 3267 2288 3351 imperia
2310 3266 2380 3330 sint
2401 3264 2486 3331 ordi·

469 3353 545 3416 cur.
569 3349 732 3417 Minorem
744 3348 899 3417 Christus
921 3353 1086 3437 proponit,
1105 3375 1180 3419 cum
1202 3354 1336 3439 inspicit
1357 3374 1451 3418 num·
1474 3359 1478 3415 t
1502 3361 1581 3415 nata
1624 3350 1802 3430 divinitus,
1841 3361 1876 3416 et
1917 3364 2054 3438 propter
2094 3350 2204 3419 Deum
2246 3352 2403 3418 venerari
2452 3364 2485 3417 et

469 3459 569 3517 mum,
603 3440 691 3503 unde
724 3437 791 3504 hoc
826 3436 933 3517 elicit,
965 3437 1146 3504 Caesarem
1170 3459 1248 3505 esse
1270 3441 1448 3506 dominum.
1475 3442 1478 3507 Ξ
1502 3456 1616 3502 amare
1647 3438 1799 3502 ordinem
1831 3433 2012 3523 politicum.
2067 3437 2192 3525 Magoa
2227 3436 2418 3504 bestialitas
2451 3449 2484 3503 et

470 3526 613 3612 Oportet
635 3546 718 3611 ergo
741 3543 804 3591 vos
828 3525 1048 3609 peridomne,
1075 3537 1108 3590 et
1130 3527 1323 3591 servitutem
1346 3527 1379 3590 iu
1401 3545 1451 3591 re·
1476 3566 1479 3592 2
1502 3520 1671 3588 horribilis
1692 3523 1787 3589 furor
1809 3534 1862 3588 est
1883 3543 2020 3604 eorum,
2052 3526 2109 3610 qui
2142 3523 2352 3591 delectantur
2375 3526 2483 3590 turba·

471 3614 535 3677 bus
558 3607 816 3696 temporalibus;
846 3612 924 3696 quia
953 3607 1091 3676 libertas
1113 3623 1166 3676 est
1187 3612 1354 3697 promissa
1376 3632 1451 3678 cum
1475 3618 1479 3689 ξ
1503 3612 1593 3675 tione
1614 3609 1740 3675 ordinis
1763 3606 1906 3693 politici,
1937 3630 2136 3697 quamquam
2159 3613 2256 3677 etiarn
2278 3608 2384 3694 aliqui
2407 3607 2484 3676 stul·

471 3697 708 3783 castigatione:
729 3695 981 3763 Siecerdienten
1002 3717 1036 3763 es
1057 3697 1134 3763 sefrr
1154 3700 1233 3773 mol:
1253 3699 1322 3763 ond
1343 3719 1378 3763 es
1397 3718 1452 3779 pe·
1475 3694 1479 3778 ᾖ
1503 3697 1573 3761 titia
1595 3693 1818 3781 impelluntur.
1862 3693 2075 3763 Diabolicum
2103 3711 2170 3777 est,
2198 3719 2267 3764 non
2296 3715 2485 3782 agnoscere

470 3784 524 3849 bet
545 3786 677 3863 obora,
698 3786 760 3848 scir
780 3782 888 3847 rieden
904 3803 965 3849 arto
985 3803 1084 3849 unser
1105 3787 1196 3870 ripen
1217 3784 1354 3870 copiucfr
1372 3786 1453 3850 uber
1476 3807 1479 3842 :
1504 3782 1654 3848 ordinem
1676 3780 1846 3867 politicum
1869 3802 1946 3848 esse
1969 3804 2039 3848 rem
2056 3783 2255 3864 divinam,ct
2276 3783 2388 3849 aDeo
2409 3802 2483 3848 cou-

471 3872 534 3936 den
554 3870 639 3934 dala
704 3868 777 3934 lloc
809 3867 947 3954 quilibet
1003 3882 1093 3935 otest
1125 3872 1390 3936 animadvertere
1418 3871 1452 3934 in
1476 3867 1480 3973 j
1504 3868 1643 3945 servari,
1665 3888 1732 3932 non
1756 3869 1876 3946 miuus,
1894 3889 1992 3954 quam
2016 3870 2100 3935 ordo
2121 3884 2268 3936 motuum
2291 3867 2485 3936 coelestium

472 3957 545 4024 suis
567 3955 715 4021 moribus
737 3965 771 4020 et
791 3957 945 4020 miseriis.
979 3892 1043 4021 lob
1067 3958 1162 4021 dicit:
1185 3957 1271 4039 Scio,
1292 3957 1380 4042 qood
1400 3978 1452 4021 oe·
1476 3978 1480 4029 t
1504 3967 1557 4020 est
1579 3973 1664 4039 opus
1688 3953 1764 4032 Dei,
1786 3966 1820 4018 ει
1843 3957 2066 4022 conservatur
2089 3977 2109 4020 a
2132 3955 2218 4022 Deo.
2263 3955 2301 4022 Si
2323 3976 2394 4021 non
2415 3974 2484 4020 ser·

471 4062 510 4108 re
531 4043 694 4108 irasceris
709 4043 865 4126 peccatis,
888 4045 1120 4127 etaonparcis
1141 4043 1347 4127 delinquenti.
1375 4042 1451 4107 Non
1477 4032 1481 4101 !
1504 4053 1639 4106 voretur
1661 4061 1683 4104 a
1700 4039 1774 4104 Deo
1797 4040 1881 4105 ordo
1903 4038 2072 4126 politicus,
2095 4062 2162 4110 uno
2180 4044 2233 4107 die
2243 4040 2416 4109 Diabolus
2438 4054 2486 4107 to-

473 4129 642 4214 cogitetis,
664 4128 756 4214 quod
778 4125 874 4194 Dens
896 4148 964 4193 nou
983 4130 1096 4212 puniat
1107 4141 1249 4214 peccata
1262 4125 1453 4194 Ecclesiae:
1477 4104 1481 4156 l
1504 4140 1571 4190 tum
1590 4146 1696 4211 genus
1719 4123 1897 4192 bumanum
1927 4125 2056 4192 deleret
2083 4145 2116 4194 ει
2142 4140 2316 4194 everteret.
2362 4128 2485 4193 Postea

473 4235 673 4302 quamquam
696 4212 783 4279 haec
805 4225 858 4280 est
879 4216 1073 4301 magnitudo
1086 4215 1343 4297 misericordiae,
1365 4214 1454 4300 quod
1477 4227 1482 4295 ξ
1505 4212 1603 4278 etiam
1625 4212 1734 4277 honor
1754 4223 1830 4291 est,
1863 4215 1951 4299 quod
1986 4215 2145 4279 debemus
2179 4235 2257 4280 esse
2279 4216 2379 4302 grati
2408 4230 2485 4301 erga

472 4302 600 4387 mitigat
622 4297 842 4381 calamitates,
863 4301 953 4366 iuxta
975 4302 1115 4368 dictum:
1139 4301 1177 4367 ln
1197 4303 1254 4367 ira
1271 4303 1454 4368 miserim·
1478 4313 1482 4399 q
1505 4296 1596 4377 illos,
1620 4301 1675 4385 qui
1697 4298 1909 4364 mediocriter
1926 4301 2167 4366 administrant.
2211 4302 2295 4367 Sunt
2347 4302 2485 4366 uaedam

471 4388 548 4452 diae
569 4388 772 4453 recordaris.
1479 4404 1482 4426 ⁴
1507 4397 1618 4451 errata
1639 4385 1859 4452 condonanda
1885 4385 2063 4452 infirmitati
2089 4386 2262 4453 humanae.
2339 4385 2410 4452 ulla
2430 4404 2487 4471 po-

1479 4462 1483 4514 l
1506 4469 1576 4537 litia
1599 4483 1664 4536 tum
1687 4469 1828 4556 placida,
1852 4487 1926 4536 tran
1949 4469 2047 4546 uilla,
2070 4485 2104 4538 ει
2126 4475 2211 4538 bone
2234 4475 2388 4539 ordinata
2410 4490 2488 4538 esso

738 4564 812 4648 De
849 4566 1006 4648 tertio
1043 4566 1186 4649 L000.
1303 4592 1307 4600 ·
1479 4532 1631 4644 lpotest‚
1653 4560 1686 4623 iu
1709 4579 1806 4644 quam
1829 4493 1995 4622 Diabdlus
2018 4580 2085 4625 non
2108 4563 2253 4637 saeviot3
2275 4571 2323 4636 ut,
2346 4558 2485 4624 Doridis

1507 4663 1649 4730 regnum
1671 4658 1742 4708 erat
1763 4640 2039 4726 pulcherrimum,
2060 4656 2245 4725 ettamen,
2277 4642 2397 4731 quales
2419 4663 2486 4709 mo

558 4731 714 4818 Sequitur
746 4742 918 4817 postrema
952 4732 1105 4796 doctrina
1133 4732 1175 4795 de
1197 4732 1358 4817 gradibus
1376 4734 1456 4798 oba-
1507 4743 1562 4796 tus
1584 4731 1739 4794 excitavit
1760 4727 1942 4795 Diabolus!
1985 4731 2056 4797 Neo
2084 4728 2144 4797 sun
2167 4733 2244 4796 odio
2267 4733 2390 4819 dignus
2411 4749 2488 4816 pro·

473 4819 635 4885 dientioe:
658 4817 748 4882 Date
769 4816 920 4882 Caesari.
965 4817 1041 4882 Non
1064 4818 1156 4884 dicit:
1180 4815 1271 4882 Date
1290 4821 1374 4904 rapi,
1397 4825 1455 4884 atti
1507 4829 1584 4902 pter
1605 4813 1748 4900 lapsum,
1770 4817 2012 4903 ignoscendum
2033 4817 2114 4895 fuit3
2147 4820 2224 4903 quia
2257 4820 2367 4883 bonus
2399 4818 2488 4903 prin·

472 4925 625 4990 caprano
646 4903 809 4991 Pontifici,
832 4904 906 4981 sed,
929 4902 1082 4982 Caesari,
1112 4913 1150 4969 ut
1170 4905 1301 4969 sanciat
1326 4917 1454 4990 postte
1508 4923 1590 4989 ceps
1613 4920 1675 4967 seu
1693 4902 1910 4987 magistratus
1931 4901 2033 4969 habet
2054 4905 2199 4970 studium
2233 4917 2325 4969 recte
2353 4902 2489 4990 agendi,

472 5013 560 5056 mum
583 4989 663 5056 illud
687 4992 875 5076 imperium:
897 4988 989 5055 Date
1009 4989 1095 5069 Deo,
1118 5009 1202 5075 quae
1223 4988 1290 5054 Dei
1306 5000 1398 5056 sunt:
1419 4990 1454 5055 id
1506 5001 1539 5054 et
1561 4986 1757 5074 plerumque
1780 4987 1962 5054 benefacit:
1992 4990 2054 5055 sed
2076 4987 2253 5076 Tyrannus
2286 4991 2389 5055 habet
2422 5000 2490 5054 stu·

472 5091 537 5153 est,
562 5078 785 5142 obedientiam
813 5076 906 5141 iuxta
932 5076 1043 5141 ontnia
1065 5089 1246 5162 praecepta
1268 5077 1396 5153 divina3
1417 5087 1454 5141 ut
1505 5075 1594 5142 dium
1627 5072 1714 5142 malo
1746 5074 1912 5153 faciendi,
1946 5078 2009 5140 etsi
2042 5077 2207 5143 interdum
2244 5077 2324 5141 boni
2363 5073 2488 5161 aliquid

473 5159 597 5227 Erech.
621 5163 680 5227 ait:
705 5163 874 5228 Ambrdate
894 5182 958 5228 non
979 5165 1014 5227 in
1034 5164 1223 5247 praeceptis
1241 5171 1375 5245 potrum
1401 5184 1468 5233 aa,
1503 5159 1594 5226 facit.
2215 5166 2223 5175 '

471 5252 625 5329 atrorum,
642 5249 701 5312 sed
722 5252 757 5312 in
777 5251 856 5313 meis
874 5252 1072 5332 praeceptis.
1119 5247 1275 5314 Christus
1308 5246 1453 5333 complc-
1589 5247 1646 5308 Da
1662 5246 1724 5324 seit
1741 5247 1815 5309 ader
1842 5249 1898 5309 mit
1926 5267 1985 5331 eyn
2010 5247 2064 5309 die
2085 5247 2200 5330 Repete
2222 5248 2295 5310 Deo
2317 5251 2422 5329 inopis
2442 5253 2489 5309 est

458 5332 573 5394 ·ctitur
625 5333 737 5398 noram
771 5346 805 5399 et
836 5335 1017 5401 secundam
1050 5331 1198 5401 tab'ulam
1231 5354 1294 5400 suo
1324 5335 1452 5400 ordine.
1504 5333 1729 5406 odediendum,
1761 5355 1853 5416 quam
1884 5333 2065 5397 dominibus.
2133 5334 2275 5408 Quando
2308 5333 2488 5411 yl'vrannus

473 5415 563 5479 Date
585 5355 672 5481 ileo:
695 5421 729 5484 id
751 5433 815 5498 est,
836 5423 1011 5506 agnoscite
1033 5443 1086 5487 mc
1109 5441 1189 5488 esse
1206 5420 1383 5500 Messium,
1405 5423 1452 5486 in·
1503 5422 1676 5506 praecipit,
1697 5432 1732 5484 ut
1755 5420 1879 5507 aliquid
1897 5419 2003 5485 facias
2026 5433 2144 5486 contra
2166 5423 2321 5487 mandata
2332 5406 2412 5502 ber,
2428 5421 2489 5482 das

472 5497 615 5586 telligite
647 5505 909 5585 promissiones,
947 5509 1104 5573 invocate
1137 5506 1259 5572 fiducia
1291 5507 1451 5573 Messiac.
1505 5510 1549 5572 ist
1569 5505 1884 5578 arrotrebarum
1906 5507 1952 5568 da
1972 5526 2006 5567 er
2028 5507 2123 5583 ilari,
2145 5511 2207 5573 sed
2230 5506 2321 5574 aliud
2345 5520 2398 5572 est
2422 5508 2489 5595 pati

472 5585 566 5664 item,
589 5588 719 5653 debetis
741 5588 927 5678 intelligere
949 5590 1070 5674 cultus,
1092 5603 1126 5658 et
1146 5595 1255 5672 scire,
1282 5593 1451 5679 quomodo
1502 5595 1665 5673 iniuriam,
1686 5614 1748 5659 seu
1770 5594 2000 5659 detrimentum
2021 5592 2231 5676 facultatum,
2252 5595 2490 5657 dumam
