5934 6709
521 718 587 787 aar
626 693 631 700 ’
1161 693 1273 780 rum.
1295 713 1399 780 nnn.
1423 713 1612 785 somma
1632 710 1897 782 monnica
2473 714 2542 785 ons

335 959 368 981 .,
420 983 422 986 p
520 916 636 994 potest
647 902 782 992 chylnm
793 915 990 969 convertere
1012 904 1045 968 in
1057 904 1268 989 sanguinem:
1290 904 1368 990 qnia
1388 902 1503 970 sitium
1644 902 1791 983 Quaero,
1817 923 1860 969 an
1883 914 2018 989 peccet,
2070 903 2104 970 ni
2133 903 2200 971 sibi
2227 904 2373 972 accersit
2401 907 2541 972 morbos

520 994 649 1081 primae
671 991 833 1057 coctionis
844 1010 911 1055 non
925 990 1104 1076 corrigitur
1125 991 1159 1054 in
1170 989 1320 1055 secunda
1336 990 1504 1058 coctione:
1556 987 1645 1055 mala
1666 989 1795 1065 diaeta‘l
1838 987 1896 1055 lto.
1942 986 2033 1142 Ergo
2091 991 2124 1055 ic
2155 987 2360 1077 hydropicus
2395 993 2542 1058 debebat

522 1100 617 1149 vena
637 1081 691 1145 die
722 1079 826 1144 tacte
847 1078 880 1140 in
908 1072 1093 1143 ventriculo
1127 1080 1218 1144 aicbt
1240 1079 1332 1142 recht
1360 1081 1505 1157 mirclet,
1556 1096 1699 1163 poenam
1720 1074 1825 1157 luere,
1846 1088 1894 1157 nt,
1916 1077 1974 1162 qni
2010 1087 2126 1144 urntns
2147 1088 2213 1156 est,
2234 1076 2462 1165 suspenditur.

522 1186 561 1233 so
581 1169 669 1230 eluta
689 1167 744 1230 die
764 1166 870 1229 bleba
892 1164 925 1227 br
947 1173 1045 1247 epate
1077 1165 1160 1230 aacb
1180 1169 1238 1229 att.
1289 1161 1380 1312 Epor
1401 1169 1446 1229 tst
1463 1183 1505 1230 so
2430 1209 2441 1218 .

521 1254 681 1332 scbwncb,
706 1261 744 1353 et
761 1269 829 1314 non
850 1260 962 1334 potest
995 1268 1037 1351 ex
1060 1243 1160 1334 chylo
1183 1250 1288 1315 crudo
1320 1269 1424 1354 acere
1445 1249 1504 1314 bo·

521 1356 843 1506 pppotsuapgppppps,
879 1333 1504 1508 estparlrlrlmhtehlrhtllrllsatlmlhnehrhha
1615 1406 1756 1511 ,Quare
1800 1408 1924 1520 igitur
1970 1405 2155 1493 Christus
2192 1420 2310 1493 sanat
2353 1406 2479 1500 euml

524 1510 665 1593 dropici,
700 1529 775 1573 cum
797 1504 896 1572 valde
928 1509 1152 1572 intumuerunt
1173 1508 1323 1572 membra
1346 1526 1502 1584 comosa,
1798 1592 1805 1606 ·

523 1595 696 1660 tabefiunt.
739 1592 931 1680 Hydropem
959 1593 1109 1677 sequitur
1136 1593 1249 1670 tabes,
1282 1592 1359 1679 quia
1381 1612 1504 1676 corpus
1642 1589 1686 1657 Et
1706 1588 1848 1676 amphus
1869 1600 2099 1677 argumentor:

445 1696 447 1700 ’
523 1701 592 1746 non
622 1680 763 1785 nutritur
796 1676 871 1783 illo·
888 1679 1008 1783 vitioso
1041 1677 1181 1784 humore
1209 1689 1243 1743 et
1273 1679 1321 1745 ita
1347 1675 1505 1763 paulatim
1686 1714 1819 1777 muer
1851 1731 1896 1776 ex
1927 1711 2042 1778 men-w
2069 1713 2222 1796 quma
2245 1712 2392 1795 patiare,
2424 1719 2540 1798 tem

523 1779 737 1833 consumitur.
793 1765 960 1830 Hesiodus
981 1774 1104 1850 rnqmtr
1138 1767 1175 1830 Sr
1200 1767 1329 1832 labores
1355 1769 1506 1847 arefacta
1728 1797 1804 1862 dum
1826 1806 1893 1863 m:

522 1873 630 1934 manu,
652 1862 765 1935 lances
786 1857 996 1934 tumefactum
1013 1853 1149 1934 pedem,
1182 1852 1259 1937 quia
1291 1849 1504 1933 superfluitas
1687 1881 1780 1952 Qw
1800 1886 1888 1949 „em-5
1906 1885 2037 1965 indigne
2063 1901 2171 1966 pm,
2191 1885 2331 1950 dolenda
2353 1884 2446 1951 mg

524 1940 699 2005 descendit
720 1940 753 2003 in
775 1939 896 2021 pedes:
919 1947 952 2001 et
970 1939 1048 2019 qnia
1070 1957 1193 2021 corpus
1214 1934 1402 2015 nonalitur,
1425 1957 1505 2001 con·
2036 1933 2046 1964 ’

523 2027 702 2094 tabescunt
724 2044 868 2088 carnosa
890 2024 1049 2101 merrrbra,
1069 2032 1104 2087 et
1125 2033 1234 2087 tamen
1250 2042 1373 2107 corpus
1389 2019 1504 2106 irnple·
1528 2040 1535 2105 ι
1563 2017 1644 2085 Was
1664 2022 1758 2085 einer
1784 2022 1951 2086 audiena
1968 2021 2040 2101 bat,
2063 2025 2115 2086 sol
2133 2026 2225 2086 moer
2243 2021 2400 2104 peduldia
2423 2025 2540 2091 leidea

524 2122 579 2176 tur
600 2110 721 2176 vitioso
744 2107 894 2174 humore.
1556 2104 1648 2192 Ergo
1680 2125 1745 2169 nos
1779 2127 1853 2171 curn
1875 2106 2038 2191 patiamur
2059 2118 2198 2192 propter
2220 2105 2361 2186 delicta,
2394 2109 2539 2175 nonde

610 2195 685 2280 Ego
706 2195 784 2260 novi
812 2197 845 2259 in
878 2215 951 2259 mea
973 2195 1082 2276 patria
1114 2191 1284 2259 mulierem
1319 2197 1439 2260 bonam
1472 2204 1507 2259 et
1557 2192 1673 2256 bemus
1695 2201 1808 2275 petere
1840 2187 2081 2257 liberationem.
2135 2192 2274 2272 Nonne,
2307 2196 2441 2280 quando
2464 2196 2540 2282 quis

525 2292 667 2360 castam,
684 2301 770 2366 quae
792 2283 938 2366 quinque
958 2299 1079 2358 annos,
1111 2291 1169 2346 aut
1197 2276 1338 2365 amplius
1361 2279 1506 2345 habebat
1556 2289 1705 2343 vestrum
1738 2278 1901 2362 peccavit,
1929 2289 1964 2343 et
1996 2288 2135 2345 vocabu
2166 2281 2200 2344 in
2222 2280 2474 2358 consistorium
2507 2281 2540 2347 si

524 2379 653 2433 uterum
676 2387 849 2452 magnum,
884 2377 918 2432 et
949 2368 1128 2451 potabatur
1150 2379 1286 2453 gestare
1307 2379 1505 2432 monstrum:
1557 2375 1610 2429 est
1631 2383 1724 2428 mens
1748 2365 1849 2440 bona,
1873 2364 2005 2429 subiicit
2026 2384 2066 2428 se
2087 2384 2220 2449 poenae
2242 2378 2275 2431 et
2297 2366 2390 2433 dicit:
2409 2365 2538 2451 Magni·

524 2465 700 2520 crescente
721 2453 818 2518 Luna
840 2464 956 2517 venter
983 2453 1082 2516 etiam
1105 2454 1295 2531 crescebat,
1323 2465 1357 2519 et
1390 2453 1506 2517 decre·
1557 2448 1621 2515 fice
1643 2447 1788 2515 Domine
1816 2448 1960 2529 Rector,
1992 2449 2065 2536 Ego
2098 2448 2207 2520 faleor
2239 2474 2291 2517 me
2314 2448 2536 2519 imbecillitate

523 2549 641 2606 scente
662 2539 769 2616 Luna,
791 2539 890 2602 etiam
912 2539 1142 2605 decrescebat.
1190 2537 1269 2602 iliea
1289 2550 1395 2604 mater
1416 2538 1507 2601 dedit
1558 2547 1591 2599 et
1608 2536 1687 2600 vitio
1710 2537 1827 2599 aetatis
1855 2535 1920 2600 hoc
1942 2533 2082 2619 fecisse,
2112 2535 2191 2601 volo
2217 2539 2284 2621 pati
2305 2559 2465 2624 poenam;
2493 2541 2538 2605 So

523 2627 555 2691 ei
586 2622 664 2709 plns
693 2623 813 2688 millies
849 2620 1114 2710 eleemosynarnm
1147 2625 1248 2690 credo
1280 2645 1353 2690 cam
1380 2624 1502 2690 vitioso
1557 2630 1633 2702 suat
1651 2625 1713 2686 der
1735 2619 1874 2685 Rector:
1905 2624 1987 2703 pelte
2009 2626 2065 2688 aar
2087 2625 2129 2686 ad
2153 2643 2343 2700 carcerem,
2384 2628 2480 2691 Wenn
2501 2646 2539 2689 er

522 2723 605 2799 potu
626 2711 847 2775 accersivisse
870 2711 1029 2773 morbum.
1085 2710 1267 2793 Postquam
1291 2723 1343 2774 est
1365 2721 1506 2789 mortua,
1556 2710 1655 2773 sebon
1677 2711 1721 2772 da
1742 2709 1844 2778 sr'tseb
1873 2727 1911 2772 so
1935 2708 2056 2773 drtcbts
2089 2712 2154 2775 alm
2185 2712 2260 2775 leta
2293 2712 2367 2777 dein
2389 2720 2538 2796 entsmey.

525 2808 581 2862 est
608 2810 703 2861 secta
724 2817 745 2861 a
767 2795 952 2880 chirurgts,
985 2796 1045 2859 sed
1073 2794 1154 2859 nihil
1188 2797 1414 2880 reperiebatur
1441 2797 1505 2859 nisi
1557 2792 1606 2858 ita
1627 2813 1703 2869 nos,
1726 2815 1801 2858 cum
1823 2796 1983 2877 patiamur
2005 2807 2142 2880 propter
2164 2806 2282 2860 nostra
2305 2792 2444 2874 delicta,
2472 2817 2539 2862 non

524 2903 623 2967 aqua.
668 2881 754 2946 Dico
780 2880 918 2964 exempli
943 2901 1075 2958 caussa,
1114 2893 1149 2946 nt
1179 2883 1296 2946 amotis
1321 2894 1506 2966 temperan-
1558 2880 1717 2945 debemus
1740 2891 1853 2964 petere
1868 2875 2109 2945 liberationem.
2144 2881 2237 2962 Nego
2254 2885 2540 2966 consequentiam,

522 2970 617 3034 tiam:
636 2967 819 3052 quiaDeus
838 2967 981 3031 condidit
997 2980 1144 3031 naturam
1167 2967 1210 3031 ad
1223 2968 1505 3044 certnmmodum,
1557 2977 1590 3029 et
1613 2965 1695 3028 ratio
1716 2976 1784 3030 est:
1806 2964 1886 3050 qula
1906 2963 2002 3030 Deus
2026 2963 2134 3032 vulta
2156 2987 2195 3032 sa
2216 2969 2284 3052 peti
2307 2969 2540 3034 remissionem

524 3073 623 3139 quem
656 3055 837 3117 obsanare
872 3054 1042 3115 debemus.
1097 3053 1183 3119 Sunt
1216 3051 1307 3118 multi
1341 3050 1505 3131 hominm,
1557 3060 1782 3136 peccatorum,
1806 3061 1840 3115 et
1861 3053 2090 3118 remissionem
2111 3073 2250 3140 poenae.
2295 3053 2417 3136 Proba,
2459 3059 2540 3122 Nolo

524 3141 580 3224 qui
610 3137 692 3204 finnt
725 3136 898 3225 hydropici
933 3158 974 3212 ert
1007 3134 1153 3203 malost
1186 3139 1374 3203 inordinato
1404 3141 1504 3204 victu.
1556 3143 1895 3220 nortmanorum,
1913 3150 1978 3204 etc.
2024 3138 2121 3204 itemz
2152 3143 2225 3208 Non
2251 3142 2363 3206 delebo
2384 3149 2428 3220 te,
2463 3147 2538 3224 msto

525 3225 650 3288 (inanes
684 3225 861 3301 adhortor,
903 3244 945 3287 ne
973 3221 1172 3304 lucubratis,
1206 3237 1240 3290 et
1272 3227 1406 3309 vesperi
1439 3227 1521 3291 cito
1556 3226 1825 3304 censebamur,
1847 3233 1964 3290 elnon
1985 3227 2087 3291 lanto.

523 3312 607 3377 eatis
642 3312 803 3390 cubitum,
835 3330 873 3375 ao
894 3311 1024 3392 sellem
1053 3316 1143 3376 dnm
1171 3317 1289 3393 saum,
1320 3315 1390 3377 aad
1409 3314 1507 3377 wirdt
1644 3307 1799 3374 Secunda
1827 3307 1950 3374 solutio
1974 3321 2044 3375 ests
2077 3309 2247 3376 Debemus
2269 3321 2384 3395 petere
2411 3312 2538 3397 mitiga·

522 3399 614 3463 nlcbt
624 3400 816 3478 penelopen
849 3402 923 3478 soff
950 3399 1013 3461 cler
1038 3417 1169 3479 possen,
1203 3409 1237 3462 et
1254 3400 1355 3461 utitur
1375 3394 1505 3461 meliori
1557 3394 1693 3474 tionem,
1715 3395 1845 3460 etiamsi
1867 3416 1932 3462 non
1946 3398 2078 3461 onmino
2090 3396 2278 3463 liberemur.
2308 3396 2537 3465 Siculorultaa

523 3481 723 3548 valetudine.
789 3481 1038 3547 Lucubratione
1078 3479 1156 3545 nihii
1193 3495 1246 3547 cst
1285 3482 1504 3566 perniciosius
1580 3499 1686 3546 oenae
1713 3491 1857 3545 manent.
1914 3480 2015 3548 'iales
2049 3494 2127 3549 sunt
2158 3483 2368 3568 precationes
2401 3481 2480 3552 illae
2506 3486 2538 3550 in

524 3569 734 3652 corporibus,
747 3569 825 3633 'sive
847 3568 1001 3653 vagando
1025 3567 1057 3630 in
1081 3564 1214 3650 plateis,
1236 3569 1310 3633 sive
1332 3569 1505 3646 discendo,
1556 3501 1722 3632 l’saimis:
1765 3566 1925 3646 Dotatae,
1952 3589 1995 3635 ne
2027 3575 2062 3635 ia
2086 3576 2206 3653 lurore
2237 3577 2293 3636 too
2322 3590 2448 3653 martae
2478 3590 2537 3638 me.

522 3651 590 3719 hoc
612 3665 743 3738 tempus
766 3653 1012 3719 consummatis.
1058 3652 1226 3718 Osiander
1240 3655 1284 3719 ita
1296 3656 1379 3720 abru
1404 3656 1427 3719 it
1440 3655 1505 3719 sibi
1556 3652 1653 3717 iterna
1676 3655 1819 3735 Domine,
1842 3660 1876 3719 ln
1898 3658 2016 3722 terdicta
2036 3657 2167 3740 corruite
2183 3675 2242 3739 me,
2270 3676 2335 3722 raon
2358 3663 2393 3723 tn
2410 3654 2536 3741 furore,
2594 3689 2603 3707 s

521 3740 633 3806 vitam.
689 3737 831 3804 Solebat
862 3740 1054 3805 incumbere
1085 3740 1222 3818 stodiis,
1265 3739 1356 3806 circa
1380 3677 1505 3806 horam
1556 3741 1665 3805 nand
1683 3743 1819 3804 nillum
1840 3742 1982 3822 redigar.
2037 3741 2110 3807 Nos
2143 3743 2274 3809 etiamsi
2308 3746 2434 3809 nostris
2463 3763 2536 3828 pec

522 3845 665 3902 nonam,
694 3838 727 3889 et
749 3826 962 3890 continuabat
996 3822 1053 3888 illa
1074 3844 1181 3910 usqne
1202 3826 1245 3889 ad
1268 3828 1417 3911 primam,
1451 3824 1506 3891 vel
1559 3826 1641 3889 catis
1664 3825 1903 3890 accersivimus
1925 3829 2023 3891 nobis
2053 3831 2205 3908 morbos,
2239 3840 2348 3894 tamen
2372 3841 2464 3896 tanta
2485 3840 2538 3894 est

523 3911 705 3977 secundam
727 3913 847 3977 noctis.
891 3910 1001 3995 Saepe
1031 3930 1105 3975 curn
1129 3913 1286 3989 conveni,
1317 3934 1391 3978 cum
1415 3933 1505 3976 csse·
1529 3887 1533 3973 l
1558 3910 1693 3975 bonitas
1722 3924 1755 3974 et
1782 3913 2010 3977 misericordia
2033 3911 2117 3992 Dei,
2152 3925 2187 3979 ut
2220 3925 2397 4001 utrumque
2431 3913 2536 3996 tollat,

521 4016 597 4063 mus
609 3995 783 4082 Augustae
805 3999 838 4062 in
851 4008 1031 4062 conventa.
1063 3995 1165 4061 Mane
1175 3999 1349 4083 surgebat,
1371 4001 1505 4083 qnando
1557 4009 1591 4060 et
1612 4006 1784 4079 peccatum
1806 4008 1840 4060 et
1862 4018 2002 4081 poenam
2035 4001 2183 4084 peccati,
2215 4011 2271 4065 ant
2299 4013 2392 4067 certe
2413 4003 2537 4087 mitiget

523 4095 595 4148 erat
613 4085 707 4149 cibus
725 4085 897 4169 appositus
926 4084 970 4147 ad
1002 4101 1169 4156 mensam3
1203 4085 1429 4149 descendebat
1464 4085 1506 4149 de
1556 4079 1639 4160 illis,
1673 4082 1728 4166 qui
1761 4095 2010 4150 convertuntur.
2071 4084 2136 4150 Hic
2175 4087 2295 4152 scitote
2327 4087 2466 4152 dictum:
2499 4088 2539 4153 Si

522 4168 640 4249 scalis,
671 4179 704 4235 et
738 4171 895 4256 gestabat
928 4165 1056 4255 caligas
1085 4169 1252 4254 repositas
1284 4170 1318 4235 in
1346 4170 1503 4237 brachiis.
1554 4176 1689 4252 peccata
1720 4178 1830 4234 cestra
1852 4176 1983 4254 suerint
2012 4180 2251 4251 alcoranum,
2279 4182 2313 4239 el
2336 4177 2536 4251 accusabas,

522 4254 680 4322 Solebam
703 4257 814 4322 dicere
837 4257 879 4320 ad
902 4276 991 4322 enm:
1014 4259 1151 4322 Domana
1164 4258 1307 4334 Andren,
1330 4259 1387 4322 llrr
1408 4261 1509 4323 lettet
1557 4260 1651 4322 eritis
1671 4257 1803 4322 candidi
1822 4266 1858 4322 ul
1877 4264 1961 4325 nic:
1981 4258 2016 4322 id
2037 4269 2101 4335 est,
2123 4260 2153 4322 si
2177 4280 2239 4324 vos
2262 4255 2389 4325 fueritis
2411 4258 2538 4325 cruenti

521 4346 575 4408 dle
598 4363 722 4424 snppen
750 4347 859 4410 sclrter
886 4345 1106 4424 oersclrlnffcm
1160 4340 1414 4428 Respondebat:
1448 4345 1505 4410 icb
1558 4342 1591 4406 in
1614 4342 1743 4425 poenis,
1764 4353 1799 4406 ut
1821 4339 1906 4410 latro
1930 4345 1962 4408 in
1985 4354 2060 4410 rota
2077 4354 2127 4408 est
2146 4357 2296 4423 euentus,
2320 4355 2431 4411 tamen
2449 4345 2537 4411 eritis

521 4431 601 4494 meza
622 4432 676 4493 elie
698 4433 771 4494 Zeit
786 4432 869 4495 wall
888 4450 929 4495 su
950 4434 1078 4510 treffea,
1112 4437 1147 4492 et
1180 4426 1331 4494 hilariter
1358 4430 1502 4514 prande·
1558 4427 1688 4493 cnrrdidi
1710 4440 1746 4493 ut
1768 4430 1839 4492 nixa
1872 4444 1908 4494 ut
1930 4429 2057 4502 David,
2091 4432 2223 4516 quando
2260 4441 2312 4496 est
2336 4432 2370 4494 in
2404 4431 2538 4498 exilium

520 4514 594 4593 bat,
627 4525 660 4578 et
691 4515 843 4593 bibebat,
880 4526 917 4579 ot
948 4511 1187 4580 illelarrcholici
1235 4528 1313 4581 sunt
1350 4537 1505 4582 voraces.
1557 4511 1692 4600 pulsus:
1727 4514 1825 4593 item,
1859 4517 1991 4601 qnando
2020 4515 2199 4582 bianasses
2234 4529 2287 4582 est
2317 4528 2454 4601 captus,
2488 4529 2539 4583 est

520 4595 644 4665 Postea
661 4600 730 4664 ibat
742 4598 999 4678 deambulatum,
1021 4623 1120 4666 onam
1137 4599 1194 4667 vel
1213 4600 1352 4667 alteram
1371 4600 1505 4685 horam3
1558 4611 1732 4665 cruentns=
1770 4608 1831 4667 wie
1869 4609 1922 4668 ein
1970 4612 2192 4669 serstossener
2228 4607 2299 4670 und
2332 4607 2537 4671 ammaum

519 4683 631 4751 ltertia
666 4684 721 4751 vel
742 4699 863 4772 quarta
884 4686 969 4752 hora
990 4683 1147 4773 legebat,
1180 4685 1236 4752 vel
1254 4689 1424 4753 scribebat
1446 4685 1506 4752 ali·
1557 4689 1705 4753 Mordere
1738 4685 1776 4750 fit
1798 4698 1907 4750 tamen
1942 4688 2103 4754 candidus
2126 4699 2163 4754 ut
2184 4690 2258 4769 nix,
2286 4690 2422 4775 quando
2456 4691 2538 4756 redit

520 4774 614 4858 qnid:
653 4785 772 4858 postea
808 4775 996 4851 coenabat,
1036 4786 1068 4839 et
1107 4774 1199 4838 circa
1236 4773 1354 4839 horam
1393 4775 1506 4841 noctis
1559 4773 1709 4850 domum,
1744 4783 1778 4838 et
1810 4772 1931 4858 accipit
1971 4775 2202 4840 remissionem
2235 4787 2469 4860 pcccatorum,
2507 4785 2539 4842 et

519 4879 643 4924 nonam
665 4861 783 4924 iterum
806 4861 848 4924 ad
872 4861 983 4925 studia
1010 4859 1149 4923 redibat.
1202 4857 1328 4925 Factus
1357 4872 1409 4925 est
1436 4873 1506 4926 tan·
1557 4858 1792 4942 mitigationem
1814 4880 1963 4944 poenae:
1987 4863 2064 4946 quia
2082 4872 2192 4926 manet
2210 4860 2334 4948 aliquid
2346 4881 2540 4945 poenarum,

521 4944 595 5010 dem
606 4942 824 5050 hydropicus.
858 4942 1074 5012 idtribuoilii
1092 4946 1333 5010 consuetudini.
1363 4945 1505 5019 Quando
1556 4943 1686 5009 etiamsi
1723 4941 1804 5009 nihil
1846 4941 1936 5011 aliud
1972 4948 2175 5026 mansisset,
2215 4949 2280 5013 nisi
2314 4950 2539 5014 conscientiae

520 5031 661 5095 venitm
684 5030 867 5112 prussiam,
888 5030 993 5099 voluit
1016 5031 1112 5096 etiam
1137 5043 1269 5096 certare
1291 5052 1365 5096 cum
1387 5032 1506 5097 aulicis
1557 5027 1665 5097 dolor.
1719 5027 1831 5095 David
1864 5035 1922 5098 bat
1952 5040 2025 5100 ecto
2058 5031 2191 5099 exilium
2224 5038 2314 5102 nain
2335 5034 2540 5101 'oer‘cunden

520 5117 677 5195 bibendo,
710 5119 796 5183 sicot
830 5130 961 5202 poterat
992 5116 1129 5204 largiter
1147 5119 1277 5183 bibere:
1311 5129 1385 5183 erat
1418 5121 1505 5183 enim
1556 5122 1627 5183 scin
1645 5121 1780 5199 qonlses
1801 5120 1978 5201 kbettlcnq·
2017 5119 2157 5203 Semper
2174 5133 2293 5204 postea
2310 5117 2371 5186 suit
2389 5119 2539 5187 debilior.

518 5203 679 5269 robustus
702 5204 762 5268 uir.
802 5203 876 5268 Hoc
897 5206 985 5284 dico,
1009 5215 1046 5271 nt
1066 5223 1130 5269 vos
1152 5204 1279 5291 regatis
1302 5226 1363 5271 cor
1386 5203 1505 5272 oscula
1528 5220 1533 5275 ἐ
1557 5203 1616 5269 Sic
1649 5203 1836 5270 bianasses.
1902 5204 2040 5271 ilianent
2074 5208 2250 5273 cicatrices
2287 5208 2386 5275 etiam
2419 5219 2539 5273 sanato

521 5301 635 5355 vestra
658 5301 751 5354 certa
784 5291 903 5354 diaeta.
958 5290 1033 5379 Ego
1051 5291 1171 5370 credo,
1205 5292 1295 5376 quod
1323 5228 1414 5357 nulla
1437 5289 1506 5356 alia'
1555 5286 1720 5356 vnlnere·
1830 5357 1833 5363 ,

519 5395 556 5440 re
589 5375 733 5439 humana
764 5395 839 5441 moa
873 5374 1082 5442 incolumitas
1115 5389 1285 5457 servetur,
1317 5379 1382 5443 nisi
1414 5380 1504 5464 qnod
1643 5376 1730 5462 Quid
1748 5377 1790 5442 sit
1812 5397 1893 5442 vera
1919 5375 2108 5458 humilitas,
2138 5399 2237 5445 nemo
2264 5376 2434 5447 hominnm
2463 5380 2539 5459 scit,

520 5462 585 5527 cito
621 5482 662 5525 eo
696 5463 852 5527 cubitum.
920 5463 1061 5536 Quando
1101 5461 1200 5529 homo
1229 5463 1331 5529 habet
1387 5467 1505 5531 rimum
1555 5463 1618 5529 sed
1640 5473 1750 5528 tamen
1773 5459 1828 5527 alii
1850 5461 1923 5530 aliis
1946 5462 2117 5550 aliquanto
2145 5462 2222 5552 plus
2250 5467 2371 5533 sciant.
2416 5465 2538 5552 Super·

520 5549 643 5614 bonurn
667 5567 830 5625 somnum,
853 5570 919 5614 non
942 5546 1055 5629 refert,
1077 5550 1149 5615 sive
1167 5487 1504 5629 secundumhabent,
1557 5550 1612 5615 bia
1634 5545 1733 5614 facile
1755 5546 1957 5636 intelligitur.

519 5635 594 5701 sive
616 5656 694 5701 non.
1644 5634 1799 5703 Christus
1834 5638 2007 5724 inquiensz
2041 5640 2165 5705 naeus
2190 5658 2212 5703 tt
2239 5657 2312 5717 me,
2351 5645 2428 5721 qula
2450 5640 2539 5706 Μία
