5934 6709
478 630 486 645 ’
531 678 599 745 ars
1166 676 1278 743 ram.
1302 676 1407 742 aaa
1435 673 1626 747 scaram
1647 677 1914 746 amoenos.
2483 680 2551 748 ara

434 918 455 961 ,
532 868 670 933 loannes
691 867 802 940 seiten,
831 890 868 930 so
888 869 1017 932 ariades
1050 867 1096 929 da
1125 867 1190 928 aad
1210 865 1264 927 icit
1290 865 1377 929 aicit
1408 865 1514 931 aaa„
1564 867 1650 933 adeo
1680 881 1879 957 arrogantes
1906 881 1940 933 et
1967 866 2123 951 superbi,
2158 880 2195 932 ut
2223 880 2379 952 putemus
2406 868 2488 935 nibil
2515 871 2551 938 in

532 954 679 1018 letamen.
724 953 773 1018 llli
796 953 920 1019 babent
942 973 1117 1020 erroneam
1143 953 1424 1037 imaginationem,
1451 953 1514 1018 sed
1564 956 1662 1019 nobis
1686 974 1763 1019 esse
1786 954 1910 1020 umoris
1933 967 1992 1021 aut
2014 953 2093 1020 vitii.
2135 952 2215 1018 Noli
2241 957 2337 1016 institi
2358 957 2552 1036 praedestina

531 1061 599 1107 nun
621 1051 762 1126 peccant
784 1052 901 1105 contra
919 1041 1176 1115 conscientiam
1208 1037 1332 1103 habent
1354 1058 1513 1116 errorem,
1564 1049 1647 1113 tace,
1669 1041 1775 1126 iuquit
1797 1039 1967 1107 Salomon.
2011 1040 2071 1102 Est
2094 1043 2164 1114 aiu,
2181 1061 2261 1122 quae
2288 1041 2412 1106 aditur
2432 1042 2552 1107 Ιιοιιιίπι·

531 1123 588 1191 llle
608 1125 706 1191 trabit
728 1145 843 1191 secum
866 1127 1076 1212 cupiditates,
1103 1136 1138 1190 ut
1161 1136 1239 1191 sunt
1271 1121 1403 1210 aliquae
1424 1124 1513 1189 infir-
1564 1127 1665 1196 bonet
1704 1127 1761 1188 aad
1798 1130 1963 1188 novissim
1997 1128 2087 1189 ducit
2124 1127 2169 1188 ad
2202 1135 2336 1192 mortam
2388 1127 2550 1197 Homines

531 1214 662 1277 mitates
685 1213 783 1276 etiam
804 1213 838 1277 in
860 1213 999 1278 sanctis.
1563 1225 1705 1298 possunt
1725 1233 1851 1293 errare,
1875 1212 1983 1289 osset,
2003 1211 2180 1298 ἀνθρώπων
2200 1217 2263 1277 ἐστὶ
2284 1211 2400 1278 daona
2422 1216 2527 1299 σοφός.

617 1297 820 1381 Respondeo
841 1298 884 1362 ad
906 1308 1151 1385 argumentum:
1168 1296 1315 1361 Ecclesia
1336 1317 1398 1359 aaa
1426 1302 1515 1360 enat
1591 1354 1595 1361 .
1651 1296 1688 1362 ln
1709 1301 1776 1365 istu
1797 1320 1880 1387 ergo
1903 1301 2043 1366 historia
2066 1301 2172 1385 primo
2201 1298 2332 1364 habetis
2362 1298 2551 1387 exemplum

531 1381 660 1450 scilicet
693 1381 936 1449 universaliter.
989 1385 1052 1446 Isti
1077 1390 1195 1453 emunt,
1227 1395 1391 1449 transeat:
1422 1381 1513 1463 Erpa
1563 1383 1764 1451 infirmitatis
1786 1398 1979 1453 sanctorum
2013 1396 2047 1450 et
2067 1388 2201 1463 scitote,
2234 1387 2326 1471 quod
2358 1384 2479 1453 infirmi
2502 1402 2550 1455 ta·

531 1490 595 1534 aaa
612 1477 683 1532 eant
693 1469 853 1549 Ecclesia,
875 1467 1003 1534 scilicet
1024 1467 1238 1547 universalis,
1259 1470 1291 1534 id
1316 1482 1379 1549 est,
1401 1465 1513 1554 aliqua
1564 1491 1640 1537 men
1663 1475 1729 1538 sint
1740 1475 1887 1539 membro
1905 1468 2092 1545 Ecclesiae,
2114 1473 2142 1536 si
2166 1484 2244 1536 sunt
2267 1470 2408 1550 dociles,
2431 1487 2465 1539 et
2481 1495 2551 1542 nou

531 1558 681 1622 membra
701 1556 734 1621 in
756 1554 911 1622 Ecclesia
928 1558 1071 1623 retinent
1093 1556 1276 1621 veritatem.
1563 1572 1714 1645 pugnant
1736 1569 1853 1625 contra
1874 1558 2059 1637 veritatem,
2093 1570 2126 1622 et
2154 1571 2272 1623 contra
2294 1561 2551 1643 conscientiam,

1563 1654 1601 1709 ut
1623 1642 1747 1711 Paulus
1768 1646 1890 1730 inquit:
1919 1643 1984 1705 Fui
2004 1643 2209 1726 tapam,
2236 1644 2293 1705 sed
2319 1647 2475 1725 ipsorum
2488 1647 2552 1711 laec

1561 1731 1645 1808 [σείς
1680 1732 1870 1835 oppugnavi
1904 1727 2103 1813 Ecclesiam,
2136 1731 2199 1796 sed
2231 1730 2393 1814 ignorans
2423 1748 2550 1884 (quam-

1564 1836 1664 1901 quam
1687 1815 1753 1881 hcc
1773 1837 1882 1901 tpsum
1905 1827 1958 1882 est
1986 1837 2143 1904 magnum
2165 1828 2200 1882 et
2220 1819 2331 1891 triste)
2358 1836 2425 1882 non
2456 1818 2552 1886 ndul-

532 1885 649 1990 Quae
710 1888 895 1971 membra
954 1900 1053 1970 tunc
1112 1887 1345 1970 retinebant
1404 1883 1512 1967 verl-
1565 1922 1704 1988 geamus
1726 1904 1837 1981 nobis,
1857 1913 2011 1987 petamus
2034 1922 2097 1967 nos
2119 1903 2255 1982 doceri,
2276 1914 2313 1969 ut
2322 1902 2435 1970 David
2451 1907 2551 1991 petit:

944 2007 1100 2090 tatem?
1567 1988 1632 2051 Car
1652 1989 1795 2051 maselum
1816 2009 1888 2050 crea
1909 1991 1943 2049 in
1959 2010 2006 2049 nte
2027 1988 2126 2052 Deus.
2160 1985 2369 2055 Clantemuez
2392 1990 2461 2053 Fue
2482 2013 2551 2055 aaa

1565 2094 1653 2136 seruo
1675 2084 1731 2137 tac
1742 2075 1908 2137 secundam
1924 2074 2172 2137 misericordium
2189 2083 2273 2137 taam
2289 2075 2436 2141 baasae.
2453 2081 2549 2147 ttem:
2572 2092 2575 2096 '

690 2223 699 2242 .
900 2225 908 2243 ,
1197 2225 1205 2241 ,
1484 2222 1493 2240 ,
1565 2160 1701 2227 Domine
1718 2161 1803 2223 lubia
1824 2182 1892 2224 meu
1908 2164 2045 2244 aperius.
2079 2165 2145 2229 lsta
2166 2162 2271 2247 primo
2293 2162 2327 2227 in
2348 2160 2415 2230 hac
2436 2185 2549 2232 mm.

619 2219 790 2302 chasma,
823 2222 931 2288 blarru
963 2236 1085 2295 mater,
1121 2223 1229 2289 blena
1260 2243 1358 2288 soror
1397 2232 1514 2287 matr-rs
1537 2221 1542 2357 q
1566 2248 1656 2313 pon„
1677 2249 1719 2314 de
1741 2249 1806 2313 ist„
1828 2244 1941 2314 vetula
1962 2248 2165 2314 observetis·

532 2307 668 2375 Christi·
712 2307 755 2373 Ηῑ
787 2310 862 2373 δῐηῦ
895 2310 994 2375 (1111)ῑο
1017 2322 1109 2375 ῑθθῐθ
1131 2323 1319 2375 ssflsssemm·
1362 2307 1514 2373 DiaMu·
1652 2331 1808 2399 Christus
1840 2347 1877 2400 ut
1915 2332 2074 2401 stultitiae
2114 2355 2175 2401 eos
2212 2336 2320 2421 magis
2359 2337 2549 2417 convincat,

529 2397 582 2456 '²⁶⁰
603 2406 780 2459 materiem
801 2393 938 2472 Christis
961 2395 1068 2476 '‘Ml’‘
1087 2395 1191 2474 mett,
1217 2415 1305 2547 ἕω
1326 2407 1436 2459 tamen
1458 2393 1514 2457 ἅθ’
1537 2366 1542 2474 l
1566 2420 1661 2486 dicit:
1693 2419 1875 2485 Palestinae
1906 2420 2035 2482 calicem
2066 2421 2180 2494 attere,
2219 2441 2307 2503 quem
2340 2421 2550 2505 890·ὂίὸωῖ

531 2482 633 2547 bebat
654 2500 733 2545 esse
755 2491 876 2565 potens
898 2492 1035 2567 propter
1055 2494 1194 2547 matrem
1247 2482 1353 2561 bristi,
1379 2480 1444 2542 aad
1460 2479 1516 2571 die
1536 2481 1542 2601 ἱ
1565 2504 1801 2592 Respondent,
1839 2506 2016 2570 pamm,
2063 2508 2104 2570 1,
2135 2511 2183 2570 ,50
2199 2508 2273 2569 ,sud
2300 2508 2455 2590 mffltcp,
2486 2508 2549 2572 tm

531 2566 617 2670 betta
642 2566 723 2627 cael
741 2567 847 2671 sessa
868 2566 989 2632 tomen
1006 2566 1220 2672 prultiziren:
1259 2569 1315 2632 uia
1338 2586 1440 2651 saepe
1462 2579 1516 2630 est
1566 2593 1674 2658 dam·
1719 2589 1815 2658 0„qu
1837 2592 1905 2660 qm
1926 2592 2004 2659 1000
2027 2592 2195 2681 significat
2217 2614 2366 2661 crucem·

530 2663 700 2731 uariatum,
712 2652 773 2714 des
790 2652 1040 2718 diesetaestem
1050 2655 1150 2718 wider
1167 2654 1223 2719 dte
1269 2672 1385 2717 umam
1402 2673 1515 2713 auant-

531 2758 599 2802 tnen
620 2736 737 2802 baltea.
781 2738 874 2803 llaec
901 2740 1023 2803 vidctis
1052 2741 1085 2804 in
1113 2740 1192 2805 vita.
1236 2736 1348 2824 Aliqui
1380 2736 1516 2803 fuerunt

530 2835 627 2891 recte
659 2824 853 2891 sentientes.
909 2824 1073 2892 lohannes
1101 2825 1254 2910 Baptista
1283 2826 1348 2890 iam
1367 2837 1436 2889 tum
1452 2820 1516 2890 fuit
2511 2899 2515 2910 Ι

530 2904 740 2976 interiectus.
783 2907 896 2996 Aliqui
922 2907 1068 2989 luerunt,
1096 2914 1151 2997 qui
1177 2909 1411 2977 intellexerunt
1436 2910 1516 2976 arti·
1568 2923 1705 3028 Quare
1751 2928 1792 3009 in
1829 2924 2033 3039 Scriptum
2074 2928 2180 3011 calix
2220 2928 2421 3041 significat
2457 2958 2548 3013 cm,

532 2995 645 3062 culum
667 2997 709 3059 dc
727 3014 832 3089 magno
855 2994 990 3071 Christi,
1012 2998 1055 3061 de
1074 2998 1234 3082 passione
1251 2995 1410 3063 Messiae.
1443 2994 1515 3061 Ma·

530 3084 582 3149 ria
604 3080 829 3148 consideravit
848 3084 940 3147 istud
961 3085 1103 3148 dictum:
1131 3082 1219 3148 Ecca
1241 3105 1342 3165 epam
1358 3081 1433 3155 Dei,
1460 3084 1517 3164 qui
1996 3080 2117 3166 cem?

531 3166 617 3233 totttt
637 3175 777 3248 peccatu
800 3168 918 3233 mardi.
961 3167 1060 3256 Legit
1080 3181 1115 3235 et
1139 3166 1302 3235 intellexit
1320 3167 1516 3256 prophetas,

531 3265 566 3321 et
587 3253 813 3320 consideravit
833 3274 950 3320 eorum
972 3255 1072 3322 dicta.
1654 3279 1743 3355 Quia
1791 3280 1958 3370 significat
2005 3284 2195 3351 attributam
2239 3283 2356 3370 cuique
2405 3294 2553 3368 partem,

576 3426 586 3446 .
616 3337 742 3404 Minor:
764 3343 827 3407 Isti
847 3350 982 3406 munt:
1003 3339 1177 3447 Concedo,
1195 3343 1257 3448 sqd
1280 3335 1518 3444 suntdocileq3
1567 3369 1641 3434 sive
1672 3369 1807 3449 bonam,
1839 3371 1916 3436 sive
1935 3366 2072 3437 malam
2101 3382 2156 3436 w
2186 3371 2273 3436 idem
2306 3369 2397 3457 quod
2418 3370 2554 3435 demm-

531 3445 609 3513 qma
629 3436 763 3510 oportet
782 3445 861 3492 esse
880 3424 980 3506 tales,
1000 3439 1038 3494 ut
1058 3440 1102 3493 stt
1122 3428 1308 3506 infirmitas,
1329 3446 1396 3491 non
1418 3436 1520 3509 perti·
1567 3473 1653 3522 sm

530 3510 641 3588 nacia,
663 3514 914 3596 perseverantia
935 3513 970 3577 in
992 3532 1126 3588 errore;
1158 3533 1225 3579 non
1247 3526 1284 3578 ut
1305 3533 1394 3578 nunc
1415 3509 1518 3662 aliqui
1540 3546 1545 3615 t

531 3594 732 3674 nebulones,
754 3617 829 3662 cum
850 3596 976 3663 babent
997 3599 1185 3682 opinionem
1203 3600 1269 3664 sibi
1288 3617 1459 3663 accommo
1483 3617 1519 3661 a·
1541 3627 1546 3664 t

531 3695 612 3762 tam,
633 3678 753 3748 volunt
773 3703 848 3749 eam
870 3682 1049 3753 defendere
1070 3698 1189 3752 contra
1210 3683 1420 3750 manifestam
1435 3684 1519 3749 veri·
1541 3682 1547 3814 Ι

532 3779 648 3846 tatem,
669 3778 707 3835 ut
728 3769 848 3834 videtis
866 3770 939 3836 fieri
962 3773 1051 3858 apud
1072 3791 1215 3858 magnos
1237 3770 1398 3836 dominos.

618 3850 694 3940 Ego
717 3856 840 3934 audivi,
863 3859 1026 3942 quendam
1041 3855 1201 3923 Tbomam
1217 3856 1385 3944 Anglum,
1407 3857 1463 3942 qui
1485 3855 1520 3921 in

534 3940 731 4020 Germania,
760 3954 838 4007 ante
861 3963 937 4008 uam
952 3945 1080 4009 veniret
1091 3945 1125 4009 in
1136 3942 1247 4010 aulam
1258 3943 1350 4030 regis
1371 3939 1520 4029 Anglici,

533 4026 682 4179 pessime
702 4029 829 4112 passim
839 3963 1047 4115 loquebatur
1065 4029 1107 4094 dc
1124 4050 1204 4116 rege
1228 4029 1393 4105 llenric03
1426 4023 1519 4093 vole·
1657 4020 1850 4087 Terentius:
1897 4023 1991 4095 Quod
2029 4025 2085 4087 ille
2121 4031 2294 4109 conrparsit
2331 4028 2372 4090 de
2408 4028 2553 4092 meato

556 4124 592 4178 at
614 4113 665 4179 'sic
688 4131 766 4179 esse
787 4125 981 4181 assentator
1000 4127 1138 4181 nostrae
1168 4116 1350 4181 doctrinae.
1393 4112 1519 4180 Postea
1571 4127 1642 4176 mo.
1665 4108 1726 4173 dus
1747 4108 1880 4190 replicta
1895 4133 1973 4193 mas,
1992 4113 2054 4175 das
2070 4134 2141 4176 mua
2161 4114 2258 4196 peden
2273 4114 2330 4176 but
2356 4117 2454 4178 daem
2476 4112 2555 4198 ipli·

533 4196 672 4287 aRege
694 4201 818 4265 missus
841 4211 895 4266 est
922 4202 957 4266 in
987 4214 1189 4268 conventum
1221 4200 1515 4268 Ratisbonensem.
1571 4192 1648 4256 clm
1668 4195 1701 4260 ln
1722 4190 1848 4260 familia
1882 4219 1922 4259 tm
1938 4201 2028 4294 aaa,
2059 4200 2139 4271 broi,
2168 4201 2290 4280 ficissit,
2315 4204 2437 4285 seipas:
2468 4201 2555 4263 dena
2623 4272 2631 4287 s

533 4283 583 4350 lbi
615 4285 753 4351 volebat
784 4283 964 4353 defendero
992 4286 1121 4375 Regem
1154 4289 1187 4352 in
1215 4284 1327 4353 multis
1350 4288 1463 4367 rebus,
1484 4297 1519 4352 et
1570 4284 1616 4342 εἰσ
1635 4280 1735 4343 buben
1752 4281 1962 4348 alleatbulben
1978 4289 2029 4351 eia
2045 4289 2177 4368 gemisse
2194 4287 2288 4349 unzul
2300 4289 2425 4371 petita
2447 4308 2553 4374 quw·

533 4373 714 4456 praecipue
744 4375 918 4459 pugnabat
949 4375 991 4439 de
1021 4377 1086 4440 isto
1120 4375 1334 4440 crassissima
1363 4370 1516 4453 articulo,
1569 4377 1639 4432 tum
1678 4369 1729 4432 sin
1777 4365 1820 4435 lis
1843 4370 1970 4437 darent.
2043 4372 2117 4440 lloc
2155 4375 2329 4440 dicebatur
2364 4377 2552 4455 danmm,

534 4457 578 4523 de
601 4458 756 4543 coniugio
778 4461 1012 4534 sacerdotum,
1045 4463 1088 4527 de
1109 4482 1175 4547 quo
1198 4457 1288 4527 nulla
1306 4471 1418 4546 potest
1438 4479 1518 4525 esse
1571 4453 1704 4521 Graece
1753 4454 1880 4524 toenia.
1915 4454 2090 4525 Dederunt
2159 4460 2259 4526 otidie
2268 4465 2451 4529 sextarium
2471 4461 2553 4543 vini,

533 4543 621 4609 inter
653 4564 756 4608 sanos
790 4547 1031 4612 controversia.
1074 4545 1149 4633 Ego
1176 4549 1344 4613 dicebam:
1376 4545 1516 4625 Thomu,
1568 4540 1712 4602 domuel
1728 4543 1787 4619 stit·
1809 4547 1826 4605 3
1848 4547 1981 4627 psentia
2002 4545 2091 4625 drot,
2140 4566 2201 4613 cus
2224 4559 2257 4611 et
2280 4567 2401 4615 carnes
2422 4571 2460 4612 eo
2479 4549 2553 4624 ciel,

535 4649 600 4717 ego
622 4650 761 4714 possum
784 4641 816 4695 te
838 4632 1026 4701 interlicere
1055 4634 1189 4719 quando
1212 4631 1309 4709 volo;
1340 4632 1369 4697 si
1391 4643 1518 4698 tantum
1568 4627 1701 4688 daseia
1722 4629 1844 4690 mentek
1863 4632 2022 4694 nctarliclt
2042 4632 2109 4694 aad
2128 4631 2217 4695 rectt
2226 4633 2555 4703 duraonleiaalcaad.

532 4717 742 4803 perscribam
772 4717 816 4781 ad
839 4729 929 4784 tuum
952 4719 1118 4785 dominum
1136 4739 1193 4800 ea,
1230 4739 1318 4806 quae
1349 4730 1448 4783 antea
1470 4719 1517 4783 di·
1569 4711 1721 4778 choenix
1751 4716 1842 4780 venit
1870 4716 2016 4797 aciae,
2045 4719 2166 4800 idest,
2189 4716 2290 4786 culina
2323 4733 2357 4787 et
2388 4721 2478 4791 calix
2500 4734 2555 4790 est

533 4802 613 4867 xisti
635 4804 771 4887 passim.
815 4801 950 4869 Fuisset
982 4802 1102 4889 procul
1134 4806 1235 4872 dubio
1257 4803 1466 4884 interfectus,
1488 4805 1517 4868 si
1568 4819 1726 4865 mensura
1748 4796 1885 4867 cuilibet
1911 4805 2081 4870 attributa.
2126 4803 2282 4873 &hristus
2310 4808 2390 4875 dicit
2417 4810 2460 4876 de
2486 4828 2553 4876 suo

418 4928 423 4935 -
533 4886 712 4966 iecissem,
744 4890 806 4954 sed
839 4892 1049 4957 abstinebam
1080 4894 1124 4958 ab
1158 4893 1231 4958 eius
1262 4891 1516 4958 consuetudine.
1569 4882 1687 4964 calice,
1708 4906 1752 4950 an
1770 4905 1846 4952 eum
1866 4891 1999 4974 possint
2020 4893 2145 4957 bibere.
2195 4892 2399 4975 Possumus,
2429 4887 2555 4963 atium

533 4971 775 5061 Relinquebam
803 4973 970 5043 hominem
1002 4999 1123 5044 vanum
1148 4989 1182 5044 et
1210 4979 1415 5047 mendacem.
1459 4976 1518 5043 lsti
1569 4969 1682 5044 Quasi
1698 4992 1780 5037 vero
1803 4989 1943 5057 possem
1964 4979 2130 5045 sustinere
2151 4980 2234 5045 iram
2245 4978 2320 5061 Dei,
2342 4994 2375 5047 et
2394 5002 2556 5069 magnum

533 5080 604 5128 non
626 5073 704 5127 sunt
726 5063 844 5126 sancti.
1569 5056 1650 5123 illud
1672 5079 1771 5139 onas,
1799 5062 1888 5147 quod
1911 5061 2066 5130 Christus
2100 5068 2253 5132 sustinet.
2296 5065 2453 5135 Christus
2486 5070 2556 5139 ista

622 5147 738 5212 Sancti
777 5158 857 5212 sunt
891 5148 1036 5216 dociles:
1080 5150 1240 5226 Quamvis
1273 5162 1353 5216 sunt
1393 5146 1518 5215 multae
1568 5141 1716 5233 loquitur
1747 5147 1791 5210 ad
1824 5149 2090 5236 redarguendam
2123 5164 2158 5218 et
2186 5155 2448 5220 convincendam
2479 5151 2555 5223 illo·

535 5252 679 5319 magnae
700 5232 907 5300 infirmitates
928 5237 962 5301 in
983 5238 1081 5303 nobis
1102 5239 1268 5317 omnibus,
1290 5248 1399 5303 tamen
1420 5236 1518 5300 debe·
1567 5253 1641 5297 rum
1662 5229 1843 5300 stultitiam.
1864 5233 1997 5302 Deinde
2017 5248 2097 5323 post
2112 5241 2391 5307 resurrectionem
2413 5253 2448 5308 et
2466 5242 2554 5309 Pea-
2653 5274 2659 5297 -·

400 5376 404 5383 .
535 5339 611 5386 mus
643 5338 723 5383 esse
756 5317 896 5386 dociles.
950 5321 1105 5396 Quantae
1138 5336 1217 5391 sunt
1249 5323 1456 5390 infirmitates
1482 5323 1516 5387 in
1570 5329 1726 5385 tecosten
1764 5318 1884 5405 procul
1920 5324 2023 5389 dubio
2061 5345 2164 5411 saepe
2203 5327 2268 5391 ista
2307 5324 2555 5417 cogitaverunt,
2645 5318 2659 5395 :7

536 5404 680 5471 omnium
702 5417 897 5473 sanctorum
923 5410 1058 5493 scriptis
1079 5423 1157 5496 post
1176 5407 1379 5495 Apostolos!
1409 5409 1517 5475 llodie
1570 5405 1656 5472 Sunt
1688 5407 1842 5493 ineptiae,
1874 5422 1908 5475 et
1941 5407 2103 5476 stultitiae
2134 5425 2340 5495 sanctorum,
2374 5426 2409 5480 et
2441 5416 2557 5500 signa,
2645 5368 2659 5475 l

535 5491 1022 5667 arettastctttts
1040 5497 1277 5650 atatam
1312 5583 1517 5650 t
1538 5584 1545 5671 ,
1568 5493 1665 5647 att
1680 5494 2405 5662 ³¹¹aettittssaafflaa
2448 5503 2557 5654 aa
2593 5476 2659 5685 l

1739 3785 1850 3889 Quid
1890 3788 2092 3901 significat
2122 3763 2389 3877 demensum?
2506 3734 2513 3751 .·
2562 3811 2570 3821 ·
