5934 6709
475 673 543 745 aaa
1114 669 1852 741 rumamascnteraaxaoauoa
2124 632 2130 643 “
2434 672 2503 743 aa

476 872 530 927 est
552 861 698 945 cognitio
710 855 901 945 Evangelii3
922 859 988 920 atad
1009 881 1075 919 aas
1096 860 1193 922 dana
1210 860 1351 943 peieret,
1376 861 1465 926 vide·
1486 866 1491 931 Ι
1513 856 1659 946 loquitar
1686 857 1741 926 hic
1763 859 1928 925 Christus.
1979 857 2080 924 Wena
2116 861 2196 926 alter
2227 860 2292 927 dae
2323 861 2411 926 at'cllt
2443 866 2502 942 iet,

475 945 558 1015 licet
581 945 728 1032 cognitio
752 947 932 1011 ‹luettinae
1486 948 1580 1045 parad
1612 966 1647 1013 es
1678 946 1760 1011 wohl
1791 945 1938 1030 sepchet,
1971 957 2052 1010 tutte
2087 946 2209 1012 dehent
2242 950 2392 1035 gaudere
2424 973 2502 1016 cum

562 1030 694 1097 Deinde
716 1031 794 1093 ‹ttett
817 1033 859 1095 de
882 1033 1096 1119 symmetria:
1119 1032 1151 1096 id
1176 1044 1240 1111 est,
1262 1042 1297 1097 ut
1315 1030 1462 1097 fiatcum
1514 1053 1652 1117 sponso,
1675 1046 1709 1097 et
1726 1034 1854 1117 gratias
1878 1031 1952 1096 lieo
1975 1052 2095 1117 agere,
2126 1034 2214 1118 qaod
2238 1047 2269 1098 et
2293 1032 2404 1119 aliqua
2427 1034 2500 1100 hal·

416 1147 418 1150 ·
474 1120 719 1186 proderat-ione:
754 1115 801 1176 Es
832 1139 915 1179 maa
935 1118 1023 1182 aicit
1054 1141 1090 1179 za
1117 1118 1181 1179 viel
1210 1121 1295 1196 sciti,
1322 1122 1380 1178 aie
1408 1118 1462 1179 die
1513 1118 1642 1204 cyania.
1687 1120 1797 1184 dolien
1819 1119 1915 1183 iltneo
1935 1120 2023 1183 oicltt
2051 1119 2150 1185 aeidst
2173 1119 2313 1205 metica
2333 1140 2373 1185 m
2393 1142 2502 1206 acepea

475 1203 595 1269 Mitrtclt
617 1226 652 1263 at
674 1202 738 1263 ciel
756 1205 915 1268 exercitia
935 1212 1065 1285 pesetzt:
1095 1203 1186 1268 malti
1215 1202 1385 1269 laeserunt
1407 1226 1462 1270 ra·
1512 1205 1657 1288 briocen.

474 1289 666 1359 latudinem,
689 1302 794 1353 etcor
818 1310 877 1354 ora
895 1313 968 1354 sua.
994 1289 1265 1355 UtBernhardus
1285 1292 1462 1355 itaieiuua·
1598 1290 1634 1356 la
1657 1292 1795 1356 eandem
1819 1291 2017 1355 sententiam
2050 1290 2131 1354 dicit
2158 1291 2202 1355 ad
2230 1291 2384 1356 Petrum:
2418 1293 2501 1362 Οιιιιι

473 1380 535 1456 vit,
556 1389 593 1441 ut
614 1377 687 1440 eius
708 1312 876 1440 anhelitus
900 1373 1010 1443 factus
1033 1380 1077 1440 sit
1099 1379 1143 1441 ita
1168 1377 1324 1454 l'oetidus,
1348 1391 1461 1441 utnon
1512 1396 1599 1443 esset
1621 1379 1750 1456 iunior,
1774 1377 1925 1462 ciapehoa
1957 1385 1989 1441 te
2016 1378 2139 1460 ι’·μιιιιιιι
2172 1378 2205 1441 id
2234 1390 2297 1456 est,
2330 1380 2500 1448 iuventam

474 1463 562 1528 bene
580 1464 747 1548 potuerint
769 1460 920 1527 ltuntines
954 1466 985 1527 ln
1019 1465 1207 1550 propinquo
1240 1460 1332 1528 illam
1361 1466 1462 1529 susti·
1514 1465 1727 1529 cohercenda
1750 1479 1800 1528 est
1825 1464 2045 1549 paedagogia,
2068 1465 2133 1528 clos
2153 1463 2229 1526 aad
2240 1466 2410 1542 exercitia,
2431 1469 2502 1533 ttttd

474 1556 566 1615 ne're.
1511 1551 1635 1615 iustitia
1657 1551 1899 1636 paedagogica.
1943 1551 2025 1615 Alco
2047 1549 2132 1613 iata
2154 1548 2262 1614 ht'alter
2281 1570 2448 1635 ptpttapea
2464 1554 2500 1620 ia

562 1632 730 1697 Macarius
751 1632 862 1699 adhuc
884 1635 975 1699 addit
996 1655 1095 1699 unam
1118 1632 1461 1696 Eaerctttaioaasunt
1511 1637 1575 1700 tuis
1599 1637 1776 1700 exercitiis.
1823 1635 1868 1700 Ea
1891 1635 1959 1699 ιΙιιιι
1980 1635 2101 1717 aaafft,
2137 1655 2226 1698 aetra
2253 1638 2344 1701 einer
2369 1640 2501 1706 ardeae

475 1740 541 1782 οιιιιι
564 1719 745 1783 ιίιἹειιιόιιε.
792 1720 881 1784 Vidit
903 1723 1001 1785 etiam
1034 1722 1121 1784 inter
1149 1721 1336 1785 lllonachos
1370 1742 1460 1801 esse,
1510 1721 1573 1786 h‘clt
1591 1722 1681 1786 ledet.
1726 1723 1794 1787 Sed
1817 1724 1951 1806 quando
1974 1718 2082 1787 sactus
2106 1719 2208 1786 fueris
2231 1725 2356 1803 senior,
2387 1726 2500 1811 cinget

473 1807 611 1873 multum
635 1804 880 1884 aemulationis,
913 1805 1048 1885 livoris,
1082 1803 1348 1883 malevolentiae,
1382 1809 1459 1873 odii.
1510 1820 1543 1873 te
1564 1805 1661 1886 alius,
1685 1821 1717 1874 et
1740 1809 1856 1885 ducet,
1891 1804 2180 1894 quanonvolcs=
2204 1809 2336 1888 idest,
2369 1821 2407 1876 ιιι
2437 1831 2499 1896 op·

474 1892 578 1959 Sicud
602 1890 683 1956 illud
708 1892 919 1957 Saturninum
943 1914 1051 1978 genus
1068 1892 1238 1957 hominum
1257 1890 1459 1958 attalevolea·
1510 1896 1662 1980 primeris
1685 1892 1796 1959 maltis
1819 1907 1852 1958 et
1874 1895 2005 1979 magnis
2023 1892 2208 1973 doloribus,
2230 1896 2411 1973 aerumnis,
2421 1918 2497 1981 per·

473 1979 540 2043 tiae
563 1988 597 2042 et
618 1977 725 2042 lirare
747 1977 881 2063 plenum
905 1976 975 2043 est:
1003 1978 1081 2043 ldeo
1110 1979 1208 2045 dixit:
1236 1977 1302 2060 μετ’
1324 1977 1459 2062 ciriacae:
1511 1981 1754 2046 secutianihus.
1807 1985 1842 2047 la
1875 1977 1940 2044 itte
1974 1995 2107 2062 praesta
2141 1980 2254 2052 iidem,
2294 1984 2499 2067 patientiam,

474 2085 548 2131 cum
572 2061 750 2129 dilectione
768 2085 845 2129 esse
867 2064 960 2130 utilia
982 2065 1153 2128 exercitia.
1512 2069 1745 2146 cottstantiam,
1767 2066 2061 2152 perseverantiam,
2085 2068 2319 2138 obedientiam,
2351 2082 2385 2134 et
2403 2070 2500 2136 ineo·

560 2148 733 2216 Pharis-aei
757 2163 790 2215 et
812 2148 965 2238 discipuli
995 2150 1151 2215 iohannis
1172 2149 1271 2214 habea
1294 2150 1357 2211 atet
1375 2152 1458 2217 ritas
1511 2154 1685 2219 cntionem.
1739 2153 1866 2219 Abram
1891 2154 1915 2217 it
1951 2165 2062 2217 uatem
2095 2150 2251 2219 Christus
2284 2154 2384 2221 istam
2417 2176 2499 2222 coa·

495 2236 598 2302 elladi,
644 2236 799 2302 iohannis·
821 2238 966 2300 circlate
987 2237 1199 2301 attiteratesea
1222 2236 1320 2301 haten
1343 2237 1385 2302 de
1408 2236 1459 2302 Fi·
1513 2241 1654 2320 cionem,
1677 2251 1710 2305 et
1732 2241 1838 2306 addit:
1898 2259 1967 2304 emo
1987 2241 2114 2304 immitit
2136 2240 2376 2326 commisceas,
2397 2252 2463 2309 etc.

471 2260 517 2391 liu
527 2323 603 2405 Dei,
615 2335 648 2388 et
659 2326 748 2410 qaod
761 2321 816 2387 illa
827 2325 999 2402 exercitia,
1013 2324 1078 2388 sint
1090 2324 1263 2389 exercitia:
1276 2323 1336 2387 sed
1348 2336 1459 2388 tamen

470 2432 539 2478 non
560 2411 627 2474 sint
647 2410 780 2476 iustitia.
811 2408 981 2475 Pharisaei
1002 2407 1077 2495 plus
1094 2409 1281 2476 habuerant
1299 2430 1459 2474 errorum.

448 2486 455 2502 ⁸
470 2495 636 2564 Mirantur
647 2496 747 2583 igitur
758 2498 900 2583 utrique,
908 2496 1130 2563 curChristus
1140 2493 1291 2561 talianon
1301 2496 1458 2561 instituat

472 2585 538 2651 Sed
570 2582 637 2647 hoc
669 2604 736 2648 non
771 2595 823 2646 est
853 2582 1000 2647 alliciunt
1030 2581 1167 2649 Christi.
1211 2578 1365 2647 Officium
1387 2576 1460 2644 Filii
1667 2569 1779 2674 Quid
1809 2570 2013 2683 significat
2043 2567 2339 2656 Commissural

471 2667 536 2736 Dei
567 2681 637 2747 est,
660 2669 856 2752 praedicare
878 2665 1115 2754 Evangeliuma
1145 2678 1181 2732 ut
1208 2681 1261 2732 est
1286 2668 1319 2730 ia
1342 2665 1459 2734 Esaia:

471 2755 527 2820 Aut
543 2755 794 2816 annuntiandam
811 2755 1052 2836 redemptionem
1064 2757 1196 2836 captivit
1207 2756 1292 2814 arisit
1303 2775 1358 2817 tae.
1381 2752 1480 2838 hon,
1597 2752 1768 2832 Phalerei,
1813 2753 1858 2819 Ea
1878 2754 1922 2819 ist
1943 2752 2064 2835 ttt'chts,
2097 2754 2179 2820 dass
2207 2773 2283 2820 matt
2314 2756 2417 2822 daem
2443 2756 2498 2822 wil

471 2855 510 2910 at
531 2843 573 2907 de
595 2842 736 2913 ieiuniis,
759 2841 920 2927 gradibus
944 2843 1094 2907 ciborum
1115 2851 1240 2906 statuta
1259 2837 1378 2905 iaciat:
1399 2838 1461 2900 aas
1508 2840 1668 2925 predipea
1690 2842 1731 2903 de
1754 2837 1918 2918 libertate,
1952 2860 2042 2904 weita
2062 2859 2101 2904 er
2121 2840 2204 2907 nach
2235 2840 2322 2907 aticltt
2343 2842 2402 2907 iat
2422 2841 2497 2908 fun·

471 2933 516 2993 ist
532 2928 621 2992 nieht
643 2930 709 2989 seia
733 2928 958 2993 ministerium.
1511 2927 1701 2991 (laurentum
1725 2926 1906 2992 doctrinae,
1950 2927 2004 2991 Ad
2017 2924 2498 2994 docendamltomiaesdeasa

559 3014 683 3080 Verum
707 3011 863 3079 Christus
885 3012 1095 3099 respondens
1124 3010 1191 3089 eis,
1224 3009 1383 3074 discernit
1411 3004 1460 3074 as·
1510 3009 1686 3088 libertatiS,
1720 3025 1853 3096 oportet
1873 3012 2013 3097 priorum
2035 3024 2152 3077 tenere
2171 3013 2362 3079 doctrinam
2376 3010 2497 3079 funda·

472 3101 640 3185 dictiones
661 3101 694 3163 in
717 3096 871 3164 Ecclesia
894 3100 1108 3165 necessarias
1129 3119 1151 3161 a
1176 3094 1374 3182 puerilibus,
1404 3093 1459 3160 vel
1511 3098 1625 3163 menti.
1677 3095 1776 3163 Wetm
1796 3118 1872 3162 moa
1894 3099 1984 3162 einen
2012 3100 2065 3162 teil
2085 3098 2213 3175 leltreo,
2238 3117 2277 3164 so
2304 3119 2391 3164 ιιιιιεε
2418 3118 2499 3166 matt

473 3188 572 3261 etiam
590 3186 833 3271 superstitiosis
856 3185 1032 3251 exercitiis.
1077 3181 1166 3248 Dicit
1187 3181 1269 3249 Filii
1282 3184 1461 3263 nuptiarum
1510 3183 1566 3249 iim
1587 3184 1767 3249 ordeatliclt
1788 3185 1908 3250 lehrett.
1951 3184 2039 3249 Man
2058 3204 2146 3251 masa
2165 3186 2254 3250 einen
2348 3186 2497 3249 'aetor-

473 3277 618 3355 letattlun
642 3293 708 3333 ewa
730 3292 876 3353 spmtaua
892 3277 1089 3354 praesentem
1110 3269 1242 3334 habeta:
1264 3266 1355 3331 Deaa
1373 3288 1460 3333 tantm
1511 3270 1620 3335 dinem
1641 3269 1763 3348 mutii,
1789 3285 1826 3336 at
1848 3270 2040 3356 Xenophon
2066 3272 2191 3378 inquita
2219 3267 2265 3334 Οὔ
2286 3278 2317 3335 iv
2338 3266 2425 3345 οῧιος
2447 3269 2497 3335 εὸ-

473 3364 523 3425 eia
545 3359 685 3425 hachieit
718 3361 771 3438 ist,
804 3358 857 3420 sal
881 3360 1029 3420 armararii
1061 3355 1130 3417 don
1158 3358 1316 3436 areatpam
1338 3353 1460 3434 fraliclt
1509 3379 1661 3443 papaver,
1683 3353 1747 3421 aiae
1767 3355 1860 3423 aeide
1882 3354 2076 3443 ἀνθρώποις,
2099 3381 2142 3433 ως
2163 3355 2182 3437 'l
2202 3355 2301 3436 ιάξιςι
2333 3356 2431 3423 Ntiit
2451 3365 2499 3424 at

473 3467 559 3532 sepa.
605 3445 728 3510 Pouet
750 3446 872 3531 inquit:
912 3444 1020 3508 Veniet
1046 3451 1178 3522 tempus,
1207 3462 1274 3502 ema
1296 3438 1458 3522 tapetam
1483 3486 1488 3511 t
1509 3445 1633 3519 atritas,
1655 3443 1737 3509 nihii
1754 3443 1925 3528 preclarius
1946 3452 1978 3508 et
1999 3444 2172 3510 aetahua’es
2192 3445 2319 3509 oratioe.
2364 3441 2497 3509 Heidel-

473 3530 508 3600 id
542 3543 607 3610 est,
635 3528 799 3618 Duplices
832 3544 911 3596 suat
943 3528 1164 3605 afflictiones3
1197 3526 1359 3630 quaedam
1381 3537 1459 3593 sunt
1483 3514 1489 3571 l
1511 3528 1638 3616 bergae
1660 3544 1733 3595 erat
1767 3532 1899 3616 quidam
1921 3531 2021 3595 miser
2042 3528 2144 3596 homo
2164 3530 2337 3615 stupidus,
2370 3529 2426 3594 vel
2448 3524 2496 3594 sa·

474 3618 680 3695 accersitae,
712 3638 798 3702 quae
826 3617 855 3680 si
878 3616 960 3681 liant
982 3637 1057 3682 cum
1078 3615 1332 3698 superstitione,
1353 3634 1389 3674 aa
1412 3620 1459 3674 ta·
1511 3627 1588 3681 tuus
1609 3618 1642 3681 in
1666 3613 1742 3683 aula
1764 3636 1862 3702 quem
1886 3637 1950 3702 ego
1978 3616 2100 3699 optime
2131 3617 2228 3694 novi,
2260 3628 2294 3682 et
2326 3612 2383 3681 alii
2405 3612 2497 3681 mualti

474 3725 534 3788 pen
562 3707 608 3764 sie
636 3723 697 3783 par
725 3703 836 3768 ιιίιΙιιι.
883 3703 918 3766 Si
947 3715 1026 3768 sant
1057 3701 1229 3779 exercitia,
1261 3720 1298 3761 so
1330 3699 1460 3781 pehirts
1510 3714 1688 3780 noverunt,
1705 3702 1792 3767 Man
1813 3703 1898 3768 lu‘eas
1923 3701 1978 3766 ila
1999 3701 2121 3768 ltaaet
2140 3701 2251 3768 Narr.
2295 3701 2329 3767 la
2357 3698 2494 3787 diligen·

476 3791 588 3867 dalaia
611 3788 659 3850 als
681 3787 801 3852 Paulas
822 3795 912 3870 sapt:
936 3787 1041 3851 Utiles
1061 3794 1109 3848 est
1129 3788 1319 3851 exercitatio
1341 3787 1459 3849 admo
1510 3799 1563 3853 ter
1584 3788 1755 3855 seruiebat
1772 3791 1805 3853 ia
1829 3786 1958 3868 culina,
1989 3787 2150 3855 atterebat
2170 3806 2302 3875 aquata,
2321 3798 2356 3853 et
2387 3784 2493 3890 ligna.

477 3877 592 3939 dream
620 3875 732 3937 Pietas
762 3897 840 3939 aero
866 3875 959 3939 habet
976 3876 1214 3957 permissionem
1235 3873 1336 3942 imas,
1359 3881 1390 3937 et
1406 3875 1459 3951 fa·
1511 3873 1593 3940 Cam
1616 3885 1739 3938 starem
1769 3876 1812 3938 ad
1845 3887 1970 3939 struem
2003 3871 2183 3960 lignorum,
2213 3875 2305 3958 prius
2335 3870 2494 3938 inferiora

477 3967 679 4043 ninevitae.
725 3959 824 4027 Aliae
845 3973 924 4026 aaut
945 3959 1146 4026 afflictiones
1172 3978 1238 4024 non
1261 3959 1459 4038 accersitae,
1482 3926 1488 4045 l
1510 3957 1603 4047 ligna
1624 3979 1747 4046 magno
1769 3956 1887 4025 labore
1909 3958 2116 4040 extrahebat,
2144 3972 2178 4027 et
2199 3960 2331 4045 quaudo
2353 3959 2495 4023 interro·

475 4061 513 4116 ut
534 4060 614 4115 suat
635 4049 899 4134 persecutiones,
924 4059 1116 4132 paupertas,
1128 4056 1160 4110 et
1170 4043 1258 4110 aliae
1268 4065 1460 4123 aeramnae,
1483 4050 1488 4129 ῑ
1510 4046 1636 4134 gahant
1654 4045 1763 4130 pueri:
1795 4045 1978 4125 Heasaleiu,
1999 4047 2142 4113 ιιιιιιιιιώ
2161 4047 2308 4131 m‘tapstts
2323 4044 2412 4113 mett
2432 4062 2497 4109 oott

477 4156 562 4223 qaas
595 4155 737 4201 necesse
770 4145 823 4199 est
856 4131 1011 4199 tolerare.
1056 4131 1227 4217 pauperes
1254 4130 1487 4218 pleramque-l
1510 4130 1591 4197 oben
1610 4130 1736 4198 heah?
1768 4130 2026 4218 Respondeltatt
2060 4134 2116 4198 die
2147 4132 2249 4201 aim
2265 4130 2369 4217 peltae
2388 4130 2494 4196 leichi-

476 4243 544 4289 aon
568 4233 749 4288 accersunt
775 4222 839 4286 sibi
861 4231 1109 4306 paupertatem:
1142 4221 1190 4284 sie
1213 4217 1336 4283 maen
1365 4217 1461 4278 taeter
1483 4216 1488 4291 l
1510 4217 1575 4284 tici
1594 4219 1670 4301 lost,
1687 4218 1740 4284 ici
1762 4221 1815 4283 att
1833 4221 1889 4287 die
1909 4227 2025 4283 antero
2046 4219 2166 4291 euthia
2182 4238 2249 4301 aaa
2277 4236 2398 4285 neam:
2427 4215 2495 4281 Vo-

477 4308 566 4372 reieh
589 4328 674 4389 sept,
694 4308 742 4369 ah
764 4329 838 4374 arm.
881 4307 958 4372 Noa
982 4319 1060 4372 sant
1080 4305 1192 4383 multi,
1214 4307 1269 4393 qai
1291 4302 1461 4369 delectan·
1483 4298 1488 4379 l
1510 4301 1602 4385 lebet
1623 4302 1843 4373 difficiliorem
1871 4317 1999 4392 partem
2020 4301 2157 4373 labaris.
2195 4306 2271 4371 rias.
2284 4300 2413 4371 facere:
2444 4303 2495 4369 sic

479 4406 534 4459 tur
555 4405 762 4477 paupertate.
805 4393 881 4458 Non
902 4390 1025 4478 loquor
1047 4394 1089 4458 de
1117 4389 1196 4472 illis,
1230 4393 1284 4476 qui
1309 4392 1461 4456 occasio·
1484 4384 1489 4455 l
1511 4387 1605 4457 multi
1627 4388 1759 4460 saciant
1775 4395 1874 4459 etiam
1892 4394 1925 4456 in
1949 4392 2068 4458 studiis
2090 4404 2129 4457 et.
2144 4327 2345 4460 aliisrahas.
2366 4387 2505 4455 Volunt.

478 4500 541 4545 aes
564 4481 722 4563 praebeat
746 4500 829 4544 suae
851 4481 1047 4565 paupertati.
1085 4477 1176 4557 item,
1194 4478 1328 4564 quando
1346 4496 1460 4561 perse·
1485 4480 1488 4491 '
1511 4478 1650 4628 primum
1684 4476 1880 4545 difficillima
1913 4476 2034 4544 lacere.
2091 4476 2192 4541 hem
2223 4478 2312 4543 aiae·
2333 4478 2369 4542 in
2395 4474 2504 4541 tertiu-

479 4579 626 4652 quantur
647 4585 710 4630 nos
723 4563 882 4652 Tyranni,
906 4563 961 4629 vel
983 4565 1116 4651 quando
1135 4584 1280 4649 corpora
1311 4563 1462 4629 incidunt
1540 4562 1660 4631 aelidis
1681 4567 1736 4630 teil
1756 4562 1936 4650 ansonem,
1959 4563 2028 4629 und
2048 4561 2107 4631 iat
2126 4561 2395 4647 eorhiaprimum
2407 4559 2497 4627 aicit

477 4653 512 4719 ia
533 4654 688 4718 morbos:
710 4653 798 4728 item,
820 4652 953 4738 quartale
976 4651 1131 4716 accidunt
1147 4650 1203 4716 alii
1220 4669 1321 4714 casas
1334 4651 1461 4730 tristes,
1509 4650 1637 4735 peliri,
1659 4651 1689 4717 is
1711 4649 1794 4719 nihil
1813 4649 1904 4717 lacit.
1930 4649 1992 4719 ,Es
2013 4670 2100 4717 amesa
2121 4651 2175 4717 etit
2194 4649 2287 4736 Diae
2313 4644 2507 4716 manaim

477 4741 748 4893 ιιιιιιιιῗιιιξιιίἳιιῖιοε.ωξι
771 4735 941 4803 iattultaris
963 4739 1050 4823 perit
1072 4734 1181 4816 benis,
1207 4736 1381 4816 incendiis,
1403 4756 1461 4801 vn·
1483 4796 1490 4915 l
1509 4735 1648 4887 malla
1669 4820 1725 4888 hic
1748 4820 2017 4889 chrisimotata·
2050 4821 2097 4889 Et
2127 4823 2174 4889 tat
2189 4821 2295 4891 aicta
2333 4820 2399 4887 tiae
2419 4836 2497 4885 nott

1404 4880 1406 4884 .
1828 4872 1840 4887 ,
2008 4869 2017 4886 .
2294 4867 2307 4900 ,

565 4912 634 4979 lsta
655 4933 738 4998 ergo
760 4930 828 4976 noa
850 4909 1030 4988 accersita,
1061 4919 1140 4973 sant
1172 4904 1393 4986 afflictiones,
1425 4908 1461 4972 in
1512 4909 1567 4975 ait
1586 4908 1639 4974 eia
1658 4928 1726 4975 aeta
1747 4906 1822 4974 toci
1843 4928 1888 4973 aa
1908 4909 1961 4973 eia
1978 4910 2061 4974 alter
2079 4906 2206 4994 fliete,
2238 4907 2284 4974 Ee
2304 4906 2370 4974 iate
2389 4904 2496 4973 atde

479 5000 600 5085 quibus
624 4999 811 5063 exercenda
833 5009 886 5062 est
907 4995 992 5061 fides
1013 4999 1047 5060 in
1069 4991 1235 5060 Ecclesia.
1270 4992 1315 5058 Et
1339 4991 1461 5060 inillis
1514 4994 1656 5076 wanda
1675 4997 1782 5061 υἰιιιιιι
1800 4996 2096 5061 accuminatittitar
2111 4996 2246 5062 inatres
2254 5002 2392 5073 veteres,
2411 5011 2496 5059 m·

477 5081 588 5168 placet
609 5085 767 5167 patientia
799 5104 861 5148 sea
883 5083 1070 5149 obedientia
1093 5079 1180 5153 Deo,
1210 5081 1302 5147 iuxta
1323 5079 1460 5146 dictum:
1511 5090 1636 5168 paater
1655 5090 1768 5164 atres;
1789 5082 1866 5167 qaia
1888 5103 2010 5147 norma
2030 5082 2142 5151 mitam
2163 5080 2284 5160 servet,
2305 5076 2496 5147 ethalitao·

477 5168 580 5235 Beati
599 5173 654 5253 qai
675 5169 790 5252 liment,
824 5171 858 5234 id
890 5182 959 5249 est,
992 5169 1047 5257 qai
1081 5167 1237 5233 obediant
1259 5164 1335 5232 Deo
1357 5167 1392 5231 in
1413 5162 1462 5232 αι’·
1513 5189 1574 5234 sos
1595 5169 1732 5276 spiritus
1750 5169 1872 5257 gigtaita
1890 5181 1925 5234 et
1934 5166 2058 5233 halitus
2069 5168 2180 5254 magni
2190 5162 2349 5254 alioquin,
2360 5164 2497 5253 quande

478 5253 683 5322 flictionibas
707 5277 774 5320 non
796 5256 981 5322 accersitis.
1026 5255 1122 5321 hem:
1157 5253 1410 5321 caremtenam
1431 5261 1463 5319 et
1514 5252 1753 5333 sunt'melust,
1787 5275 1862 5320 cam
1891 5254 2034 5340 quodam
2067 5255 2190 5340 impetu
2215 5251 2374 5341 frangant
2395 5270 2495 5327 valui

477 5341 683 5408 humiliatam
703 5363 765 5404 noa
788 5340 954 5424 despicies.
997 5340 1091 5408 ltem:
1109 5341 1230 5404 Multae
1248 5338 1473 5407 triimlationee¹
1513 5340 1936 5409 atridetiafieridemusta
1957 5340 2105 5409 aonium
2121 5352 2279 5407 excocto:
2309 5338 2496 5407 Wmuaa

478 5431 640 5513 iaetantia,
664 5436 695 5491 et
705 5449 747 5489 ec
757 5428 808 5493 its
829 5429 967 5491 attentius
983 5427 1097 5492 h'deret
1113 5449 1167 5490 eos
1177 5428 1343 5491 Damna.
1364 5425 1462 5494 ltetn:
1513 5430 1604 5495 eiam
1633 5426 1746 5494 iehrett
1775 5429 1847 5511 wil,
1868 5447 1956 5493 taust
1976 5445 2069 5494 matta
2090 5426 2271 5495 maestitia
2291 5425 2384 5495 tisa-
2427 5423 2495 5491 l'ri·

478 5513 593 5600 Prope
619 5523 667 5581 eat
689 5515 851 5582 Dominae
876 5513 943 5594 tta,
975 5522 1033 5602 pat
1063 5514 1219 5581 ιιιΊιιιιιιιο
1249 5522 1324 5581 stret
1352 5515 1462 5581 carde.
1514 5512 1871 5605 muniandamcntam
1894 5514 2172 5598 inpoenitentia,
2193 5512 2497 5588 deiastillcatloae,

480 5599 557 5668 Das
574 5601 692 5690 peltirt
712 5605 756 5670 ad
777 5598 981 5669 afflictiones
1007 5623 1076 5668 aaa
1098 5601 1292 5670 accersitas.
1334 5598 1464 5669 Dahis
1514 5615 1548 5669 et
1568 5598 1647 5669 aliie
1669 5599 1847 5669 beneficiis’
1860 5597 1934 5669 Filii
1953 5599 2036 5682 aet,
2063 5600 2109 5667 tle
2136 5600 2214 5669 fida
2255 5601 2385 5669 Postea
2410 5593 2498 5667 oid
