5934 6709
471 654 536 719 575
1110 651 1222 718 efltn.
1245 651 1347 719 MEL.
1369 648 1557 721 SCRIPTA
1580 648 1845 717 nxnnnmcn.

470 844 646 928 sipativnm
668 843 732 922 sui,
755 852 788 906 et
810 839 958 907 aliorum.
1003 840 1068 906 Per
1088 837 1145 905 illa
1167 860 1250 928 ergo
1272 842 1454 908 ministeria
1677 844 1797 928 Unde
1829 861 1892 928 est
1922 875 2074 930 nomen
2104 846 2297 936 Diaboli?

471 927 568 996 Dens
598 929 819 995 communicat
850 948 946 992 snam
988 928 1181 992 bonitatem:
1215 924 1285 993 vult
1319 947 1380 1011 per
1412 947 1454 992 ca

472 1011 1374 1186 insatietatis?,tristandi
1393 1015 1453 1164 li.
1504 1006 2272 1200 miltitttb'tit‘trtltitttt
2295 1015 2487 1170 1ἒέἒέῗέ

471 1188 654 1257 nuntiando
675 1188 775 1252 nobis
797 1206 892 1252 suam
915 1184 1137 1264 voluntatem,
1164 1186 1198 1252 in
1226 1186 1453 1251 custodiendis
1505 1194 1539 1246 et
1568 1178 1763 1262 calumniis,
1798 1186 1919 1268 quibus
1953 1186 2113 1269 depravat
2145 1189 2285 1253 verbum
2314 1188 2390 1255 Dei.
2446 1190 2485 1256 ld

472 1273 682 1360 nemoribus
705 1274 739 1336 in
757 1270 963 1358 depellendis
985 1269 1154 1357 periculis.
1504 1268 1593 1354 quod
1617 1264 1696 1332 fecit
1724 1269 1834 1334 statim
1862 1270 1897 1335 in
1924 1268 2104 1349 Paradiso,
2131 1293 2207 1338 cunt
2236 1275 2377 1340 diceret:
2410 1276 2485 1338 Nos

559 1357 654 1425 llaud
679 1360 779 1425 dubie
797 1370 876 1426 sont
892 1360 1028 1424 assidua
1040 1356 1220 1424 certamina
1236 1358 1323 1423 inter
1344 1358 1454 1422 bonos
1503 1355 1693 1424 noricninit
1715 1352 1819 1416 Eritis
1839 1359 1922 1418 eierat
1942 1355 2012 1422 nn.
2040 1357 2098 1421 Sic
2120 1360 2262 1423 metaris
2283 1363 2382 1427 ctiam
2403 1374 2486 1428 tcm-

472 1457 508 1513 et
528 1443 636 1510 malos
659 1443 812 1532 angelos.
857 1445 951 1511 Sicut
972 1443 1094 1532 legitur
1116 1444 1149 1508 in
1171 1441 1323 1529 Epistola
1340 1442 1453 1523 ludae,
1504 1440 1641 1523 poribus
1664 1441 1835 1506 mendacin
1858 1460 1921 1508 sna
1943 1454 2090 1509 exercet:
2113 1446 2254 1527 praebet
2270 1448 2484 1516 occasionem

473 1534 565 1619 quod
586 1528 750 1596 Diabolus
772 1528 878 1596 voluit
899 1530 965 1596 alio
988 1527 1173 1597 transferre
1197 1549 1320 1614 corpus
1341 1527 1453 1608 bloisi,
1504 1522 1725 1605 idololatriae,
1738 1538 1772 1590 et
1783 1527 1993 1611 opinionibus
2001 1528 2187 1603 haereticis,
2199 1534 2369 1599 constituit
2379 1532 2485 1615 idolo,

473 1628 510 1685 nt
531 1618 740 1697 adoraretur,
753 1630 787 1683 et
808 1618 860 1683 sic
877 1613 1097 1682 idololatriam
1120 1613 1302 1692 stabiliret3
1324 1615 1454 1682 sedan·
1504 1612 1620 1676 incitat
1640 1613 1777 1692 multos,
1794 1627 1831 1679 nt
1852 1628 2014 1701 spargant
2036 1615 2207 1696 haereses,
2229 1616 2337 1685 fundit
2357 1622 2484 1706 opinio-

473 1700 539 1857 ΕΒ
562 1705 704 1789 eripiunt
727 1705 757 1768 ei
780 1724 904 1787 corpus
927 1701 1047 1784 Motst,
1080 1714 1113 1766 et
1145 1702 1225 1766 vivit
1251 1703 1315 1767 iam
1337 1699 1455 1767 Moses
1506 1716 1567 1762 nas
1600 1717 1741 1781 pravas,
1773 1710 1936 1786 tamquam
1965 1699 2116 1767 nebulas.
2171 1703 2245 1768 Non
2277 1724 2416 1791 possum
2438 1706 2486 1773 di·

529 1808 591 1859 sno
615 1810 760 1873 corpore
783 1811 858 1855 cum
880 1790 956 1853 Deo
989 1789 1021 1852 in
1050 1788 1117 1853 vita
1138 1798 1292 1852 aeterna:
1313 1789 1400 1852 sicut
1422 1799 1456 1852 et
1506 1802 1601 1861 cere,
1633 1785 1800 1869 quomodo
1833 1787 1865 1849 id
1895 1785 1970 1866 fiat,
2003 1788 2065 1853 sed
2098 1787 2259 1874 exemplis
2293 1794 2484 1858 credamus.

466 1872 578 1954 Elius,
592 1891 628 1941 ut
650 1886 875 1960 apparuerunt
896 1875 993 1939 etiam
1015 1874 1049 1938 in
1071 1874 1143 1939 suis
1154 1874 1351 1958 corporibus
1364 1870 1455 1937 Cbri·
1506 1867 1619 1955 lllagni
1642 1883 1719 1935 sunt
1736 1868 1881 1951 furores,
1902 1893 1989 1958 quos
2012 1874 2134 1939 excitat
2154 1876 2187 1939 in
2205 1875 2485 1945 bominibusDis·

474 1972 539 2027 sto.
582 1960 659 2025 Non
683 1962 818 2027 dubium
840 1972 893 2026 est
914 1956 1132 2025 idololatriam
1155 1961 1295 2044 primum
1324 1961 1376 2025 sic
1398 1979 1455 2024 cx·
1506 1952 1618 2034 bolus,
1635 1957 1690 2041 qui
1712 1969 1862 2042 pugnant
1888 1960 1985 2024 etiam
2007 1973 2125 2027 contra
2146 1972 2305 2028 naturam
2341 1962 2486 2031 Medeae

473 2058 580 2114 ortam
603 2049 792 2133 essequod
817 2068 892 2113 cnm
914 2043 1134 2132 sepelirentur
1145 2064 1287 2130 corpora
1307 2056 1454 2111 mortno·
1507 2039 1632 2106 sactum
1655 2054 1708 2106 est
1730 2042 1924 2128 simpliciter
1951 2058 2069 2111 contra
2089 2059 2257 2113 naturam:
2285 2049 2362 2134 ipsa
2390 2070 2484 2137 prae·

473 2153 547 2199 rum
569 2145 720 2217 patrum,
748 2134 854 2218 primo
877 2145 953 2198 sunt
975 2135 1123 2198 venerati
1146 2128 1376 2216 sepulchrumt
1396 2151 1455 2217 po·
1508 2127 1564 2191 bet
1585 2129 1734 2194 membra
1763 2131 1885 2195 utenda
1908 2128 2065 2212 Diabolo,
2098 2135 2232 2218 quaudo
2256 2135 2428 2202 interficit·
2445 2135 2486 2203 li·

475 2229 551 2284 ntea
572 2215 676 2297 illum,
698 2219 753 2304 qui
775 2216 926 2304 sepultus
944 2232 1039 2298 erat,
1071 2214 1223 2283 secarunt
1245 2217 1375 2284 Deum:
1404 2217 1456 2282 sic
1507 2214 1620 2277 beros.
1665 2212 1780 2279 Sinin
1804 2215 2003 2301 corruptelis
2025 2219 2196 2284 doctrinae
2211 2232 2325 2305 potest
2339 2222 2485 2290 ncbulttt

473 2301 631 2390 paulatim
655 2306 760 2370 crevit
792 2301 1004 2384 idololatria,
1036 2316 1070 2370 ot
1090 2300 1254 2369 Diabolus
1287 2301 1456 2369 transtulit
1507 2297 1679 2364 offundere
1701 2302 1878 2381 cordibus,
1901 2300 1957 2368 vel
1982 2300 2100 2369 saltem
2127 2303 2290 2372 inclinare
2312 2309 2429 2390 corda,
2450 2321 2485 2374 ct
2509 2326 2513 2332 ·

473 2387 660 2476 aliquorum
683 2390 852 2456 hominum
874 2410 1017 2476 corpora
1038 2390 1071 2455 in
1093 2402 1219 2456 certum
1241 2387 1373 2468 locum,
1399 2389 1455 2454 ubi
1507 2404 1632 2449 vexare
1649 2398 1790 2464 mentes,
1810 2400 1848 2454 ιιι
1870 2408 1938 2454 non
1960 2388 2097 2455 tirmiter
2107 2393 2333 2458 assentiantur
2344 2395 2481 2474 veritati,

473 2488 594 2561 postea
611 2477 781 2543 institutus
802 2490 856 2541 est
878 2475 1002 2555 cultus,
1013 2491 1049 2542 ut
1067 2478 1287 2542 adorarentur
1301 2473 1359 2540 illa
1380 2495 1455 2540 cor·
1506 2469 1570 2536 sed
1596 2482 1631 2536 nt
1660 2474 1813 2551 audiant,
1845 2483 1879 2538 et
1909 2478 2017 2560 magis
2045 2496 2097 2540 ma
2123 2478 2218 2564 isque
2245 2479 2417 2558 deliciunt,
2446 2494 2481 2546 et

518 2583 570 2627 ra:
590 2564 676 2627 sicut
697 2565 813 2630 dicunt
834 2564 877 2628 de
899 2562 979 2628 love
1001 2561 1195 2627 llammone.
1240 2559 1301 2627 llle
1322 2558 1382 2626 fnit
1403 2560 1456 2626 li·
1507 2568 1738 2624 avertantnra
1760 2558 1846 2624 Deo.
1892 2560 1985 2625 llaec
2007 2497 2274 2629 suntlorrenda
2291 2566 2484 2714 cogitatnet

487 2647 644 2714 iusNoac
655 2646 774 2728 Cbam,
792 2650 886 2718 cuins
899 2668 1023 2733 corpus
1045 2650 1077 2712 in
1100 2645 1192 2713 illum
1216 2645 1326 2714 locum
1348 2658 1456 2711 trans·
1507 2642 1632 2721 auditu,
1654 2656 1687 2706 et
1709 2666 1775 2729 qno
1798 2647 1905 2731 magis
1940 2650 2140 2733 cogitantur,
2169 2669 2210 2713 eo
2243 2663 2323 2714 sunt
2368 2654 2484 2718 orribi-

472 2728 575 2799 htum
598 2745 652 2798 est
671 2754 692 2797 a
714 2731 869 2799 Diabolo,
1505 2725 1607 2792 liorat
1631 2728 1812 2814 Propterea
1832 2735 1937 2796 simus
1959 2735 2192 2814 modestiores,
2203 2733 2421 2802 adhibeamus
2438 2739 2485 2803 di·

560 2819 631 2885 sed
651 2830 688 2885 ur
709 2840 752 2887 an
778 2818 904 2885 elman
932 2815 1044 2883 officia
1072 2817 1190 2883 melius
1218 2815 1455 2898 intentantur,
1505 2809 1675 2899 ligantiam
1708 2818 1741 2879 in
1775 2819 1931 2904 regendis
1955 2821 2102 2885 ruoribus
2136 2832 2169 2885 et
2192 2824 2362 2888 cavendus
2385 2843 2484 2890 occa·

474 2905 725 2972 consideremus
754 2842 887 2970 lostam
914 2916 1088 2971 anctorum
1117 2907 1265 2970 omnium
1281 2839 1455 2984 malorum,
1507 2901 1657 2965 sionibus
1680 2913 1714 2964 et
1736 2901 1921 2983 illecebris,
1949 2918 1982 2969 et
2004 2909 2140 2972 assidue
2167 2920 2320 2991 petamus
2342 2929 2407 2975 nos
2428 2912 2484 2976 de·

475 3011 517 3057 cx
539 2988 717 3058 Antithesi.
763 2989 919 3058 Christus
942 2990 1075 3055 loannis
1095 2993 1127 3056 8.
1150 2992 1311 3056 describit
1332 2989 1455 3056 Diabo·
1506 2982 1598 3051 feudi
1620 2997 1735 3051 contra
1757 2987 1944 3055 Diabolum.

473 3074 540 3158 los,
561 3075 679 3163 quales
697 3079 772 3143 sint
816 3077 929 3144 loban.
951 3076 983 3143 8.
1017 3076 1173 3140 Diabolus
1199 3085 1245 3139 cst
1267 3076 1405 3139 menduc
1424 3084 1456 3139 ct
1593 3071 1639 3150 ls,
1666 3085 1701 3136 ιιι
1724 3075 1807 3154 dixi,
1829 3077 1967 3158 primum
1990 3089 2043 3142 est
2064 3079 2224 3153 mendam
2247 3080 2324 3164 quia
2345 3083 2485 3166 praebet

352 3171 355 3175 ·
473 3162 642 3228 merda
1508 3160 1722 3224 occasionem
1733 3150 1843 3239 idolis,
1862 3163 1969 3246 impiis
1992 3161 2147 3243 cul-tibus,
2169 3164 2347 3232 haereticis
2359 3167 2485 3251 opinio-

1506 3245 1616 3309 nibus.
1660 3243 1873 3331 Singulorum
1901 3249 2000 3314 etiarn
2026 3261 2155 3315 mentes
2185 3263 2303 3330 vexat,
2330 3264 2367 3317 ut
2391 3254 2487 3319 dubi-

1508 3340 1579 3394 tent
1601 3331 1642 3395 dc
1665 3330 1750 3411 Deo,
1773 3345 1810 3399 ut
1831 3355 1898 3399 non
1915 3335 2118 3420 accipiamus
2135 3335 2386 3408 firmoassensu
2397 3358 2488 3405 com·

1507 3417 1700 3481 minutiones
1729 3430 1763 3483 et
1791 3423 2030 3505 promissiones
2052 3421 2127 3494 Dei,
2154 3420 2290 3507 impellit
2311 3425 2428 3503 corda,
2451 3437 2490 3492 nt

526 3494 643 3598 Quae
674 3497 781 3579 mala
810 3495 952 3578 tribuit
983 3491 1171 3579 Christus
1201 3492 1403 3581 Diab0102
1507 3523 1551 3567 ex
1572 3503 1777 3570 dubitatione
1798 3508 1931 3572 tandem
1954 3520 2051 3573 ruant
2071 3509 2105 3572 in
2128 3509 2406 3593 desperationem,
2427 3522 2490 3579 eut

1507 3587 1728 3673 Epicuracum
1752 3604 1974 3679 contemptum
1996 3592 2072 3660 Dei.
2116 3592 2211 3659 Alias
2234 3598 2332 3663 etiam
2353 3598 2487 3664 menda·

483 3745 486 3751 .
564 3679 593 3744 l.
639 3677 861 3758 Mendacium,
884 3679 973 3765 qnod
995 3677 1038 3743 sit
1058 3687 1155 3762 pater
1176 3687 1209 3741 et
1225 3688 1344 3743 auctor
1365 3699 1454 3744 men·
1509 3673 1721 3761 eisplurima
1744 3689 1822 3743 sunt
1851 3681 1883 3744 in
1907 3676 2049 3744 bumana
2073 3681 2150 3746 vita.
2195 3680 2253 3743 Ata
2279 3704 2316 3746 re
2344 3683 2489 3746 Μιῖιιιιιι·

476 3764 574 3832 dacii.
617 3763 649 3826 2.
683 3763 917 3830 llomicidium:
941 3765 1076 3852 Spargit
1092 3764 1193 3849 igitur
1214 3765 1399 3835 mendacia,
1421 3765 1456 3829 id
1507 3761 1565 3824 der
1586 3760 1684 3844 lamp
1706 3763 1855 3830 confodit
1877 3786 1970 3830 suam
1994 3768 2167 3853 coniugem
2187 3768 2377 3853 gravidam
2397 3764 2488 3831 crist

476 3861 540 3929 est,
587 3869 687 3914 raras
709 3866 742 3916 et
763 3852 880 3934 impias
903 3852 1077 3936 opiniones
1099 3852 1142 3913 de
1163 3849 1254 3929 Deo,
1283 3862 1315 3916 et
1345 3848 1455 3917 cultus
1506 3860 1673 3928 pransum:
1694 3860 1813 3933 postea
1834 3851 1927 3915 duxit
1950 3863 2041 3936 quot,
2065 3865 2098 3916 ct
2115 3873 2199 3937 quas
2218 3853 2333 3920 voluit.
2378 3854 2413 3919 ln
2435 3867 2488 3921 tn·

476 3871 721 4001 tantalon-teos:
743 3937 892 4002 obtrudit
914 3937 1060 4001 mirificis
1089 3937 1323 4001 occasionibus
1346 3957 1456 4002 exenr·
1507 3932 1596 3997 libus
1637 3933 1798 4020 exemplis
1832 3939 2083 4003 consideremus
2117 3939 2252 4004 Diaboli
2291 3942 2491 4026 potentiam

475 4019 531 4106 pla
553 4018 777 4087 idololatrian:
800 4023 899 4089 etiam
917 4022 1086 4090 miraculis
1108 4023 1225 4087 invitat
1247 4022 1397 4087 homines
1412 4024 1455 4088 ad
1507 4016 1602 4084 Deus
1625 4023 1789 4105 permittit
1810 4021 1889 4086 talia
1922 4024 2010 4104 steri,
2043 4039 2079 4090 ut
2113 4028 2298 4110 cogitemus
2332 4047 2510 4113 magnam·

475 4103 706 4176 idololatriam.
752 4107 817 4188 Ut,
847 4107 1020 4195 'l'ubingae
1047 4110 1209 4194 quaedam
1242 4107 1354 4174 vetula
1375 4128 1455 4175 sus·
1508 4125 1588 4171 esso
1608 4109 1789 4191 potentiam
1811 4107 1970 4188 Diaboli,¹
1988 4122 2022 4175 et
2043 4123 2078 4176 ut
2096 4111 2327 4198 coniugiumus
2348 4114 2390 4177 ad
2410 4114 2484 4197 opi·

475 4196 589 4281 pendit
612 4196 734 4260 donum
756 4194 801 4258 ad
834 4196 999 4281 quandam
1032 4216 1124 4262 aram
1146 4192 1289 4258 Mariae:
1323 4196 1455 4260 dicebat
1509 4189 1686 4257 tulatorem
1707 4207 1741 4258 et
1763 4191 1973 4261 defensorem
1995 4194 2112 4263 Filium
2135 4197 2198 4264 Dei
2216 4196 2412 4264 Michaelcru
2425 4219 2485 4265 no-

474 4300 514 4347 se
543 4282 687 4348 adiutam
715 4302 794 4347 esse
823 4284 857 4346 in
890 4282 1034 4366 quodam
1069 4281 1223 4367 negotio,
1255 4300 1455 4367 quamquam
1507 4290 1623 4344 strum.

473 4362 575 4433 malo.
619 4367 667 4430 lbi
690 4368 799 4433 statim
823 4369 856 4432 in
891 4369 1053 4433 concione
1084 4378 1201 4452 pastor
1233 4369 1303 4452 agit
1328 4369 1454 4453 gratias
1595 4364 1725 4430 Deinde
1758 4376 1810 4431 est
1839 4367 2015 4433 homicida.
2070 4369 2107 4434 ld
2141 4389 2275 4456 quoque
2312 4372 2425 4436 statim
2451 4371 2487 4436 in

475 4450 613 4532 Medae,
636 4456 748 4535 coepit
770 4451 906 4521 laudare
922 4451 1089 4519 fortunam
1105 4453 1229 4539 oppidi,
1246 4455 1336 4538 quod
1348 4452 1455 4519 blaria
1509 4450 1672 4519 Paradiso
1685 4454 1842 4520 ostendit.
1869 4453 2019 4520 Coniecit
2032 4475 2140 4541 genus
2158 4457 2336 4522 humanum
2349 4457 2383 4522 in
2399 4474 2486 4522 mor·

474 4557 570 4605 snam
593 4537 800 4604 clementiam
822 4561 906 4628 erga
927 4542 1084 4626 oppidum
1101 4542 1200 4606 etiam
1222 4541 1293 4606 suis
1315 4540 1457 4607 miracu·
1508 4547 1585 4617 tem,
1604 4551 1638 4603 et
1654 4537 1764 4604 adbuc
1782 4542 1918 4606 assidue
1929 4544 2069 4626 praebet
2079 4543 2279 4608 occasiones
2300 4543 2486 4609 homicidiis

474 4621 519 4693 lis
554 4623 782 4690 confirmaretz
815 4627 1013 4693 hortabatur
1044 4624 1227 4711 populum,
1258 4638 1295 4693 nt
1328 4624 1457 4693 coleret
1508 4625 1661 4708 privatim
1685 4638 1718 4691 et
1764 4623 1884 4693 ublice.
1928 4627 2070 4712 lnspirat
2090 4649 2194 4713 saepe
2221 4630 2361 4712 privatis
2382 4628 2487 4695 bomi-

474 4710 627 4790 Mariam,
638 4724 672 4777 et
693 4713 921 4779 demereretur
939 4733 1011 4778 eam
1023 4714 1094 4778 suis
1106 4710 1237 4777 officiis.
1282 4713 1354 4774 Dos
1374 4712 1457 4778 ricbt
1510 4713 1607 4776 nibus
1629 4647 1822 4776 mirabiliter
1843 4715 1986 4780 animum
2005 4711 2148 4779 faciendi
2162 4716 2316 4790 caedemt
2329 4717 2424 4781 cuins
2436 4715 2486 4798 rei

474 4798 534 4863 der
554 4798 662 4880 trassel
681 4820 732 4872 ort,
750 4800 887 4886 instigat
909 4796 1064 4874 vetulam,
1085 4799 1177 4865 iuvat
1194 4799 1292 4863 etiam
1314 4801 1347 4864 in
1369 4795 1457 4865 mala
1509 4808 1588 4863 sunt
1609 4795 1763 4882 exempla
1783 4797 1935 4884 plurima.
1978 4799 2150 4887 'l'ubingac
2172 4812 2245 4866 crat
2266 4802 2411 4888 quidam
2428 4801 2486 4889 qui

475 4904 613 4952 caussa:
636 4883 738 4951 stulta
759 4885 934 4953 multitudo
955 4885 1113 4963 accurrit,
1131 4896 1163 4950 et
1174 4882 1340 4951 Diabolus
1362 4882 1458 4952 afflat
1508 4882 1654 4948 babebat
1674 4884 1862 4969 opinionem
1884 4888 2072 4972 probitatis,
2094 4886 2176 4954 nibil
2198 4885 2486 4954 malianteafece·

474 4982 615 5038 mentes.
660 4971 836 5046 Quomodo
858 4969 919 5038 illa
937 4970 1030 5050 fiant,
1052 4991 1119 5036 non
1142 4982 1254 5056 potest
1275 4973 1457 5038 satisdici=
1509 4981 1573 5040 rat,
1595 4969 1793 5037 venitalius
1815 4972 1850 5036 in
1872 4973 2063 5058 hospitium,
2084 4971 2222 5040 nbiille
2243 4987 2326 5040 erat.
2370 4973 2404 5040 ls
2427 4994 2487 5058 pe·

474 5054 522 5119 Er
542 5060 586 5120 ist
607 5057 681 5121 uber
703 5059 880 5123 dicNotur.
926 5056 1036 5145 Saepe
1057 5069 1170 5124 movet
1191 5056 1357 5138 affectum,
1402 5079 1458 5125 ua·
1510 5057 1583 5122 tivit
1603 5058 1647 5122 ab
1670 5075 1729 5132 eo,
1763 5069 1798 5123 nt
1827 5060 2009 5124 deduceret
2030 5063 2138 5144 ipsum
2167 5080 2229 5146 per
2249 5059 2379 5128 silvam.
2424 5058 2489 5126 tlte

473 5140 652 5229 Rscnnque
672 5146 703 5210 is
725 5157 789 5226 est,
810 5156 843 5211 et
864 5145 1019 5213 allectum
1041 5147 1084 5213 im
1109 5141 1179 5210 ellit
1204 5145 1247 5210 ad
1266 5158 1356 5210 terra
1377 5079 1459 5227 latri-¹
1509 5143 1685 5209 comitatur
1713 5164 1805 5223 cnm,
1837 5148 2034 5233 peregrinus
2056 5150 2245 5233 praecedit3
2278 5142 2490 5224 llonstrator

474 5251 577 5299 norat
601 5232 688 5298 sicut
710 5231 875 5300 lohannes
897 5234 1003 5319 inquit
1024 5234 1066 5299 de
1104 5232 1185 5299 uda:
1206 5230 1346 5295 Satanae
1360 5234 1458 5309 intro·¹
1509 5232 1585 5297 niae
1606 5233 1775 5314 sequiturr
1798 5230 1900 5297 Venit
1921 5234 1951 5298 ei
1973 5233 2005 5297 in
2028 5246 2183 5312 mentem,
2204 5247 2242 5300 ut
2255 5234 2490 5320 suspicaretur

474 5320 521 5381 ott
537 5318 572 5377 in
593 5336 670 5380 eam.
714 5318 872 5399 Satanas,
893 5320 926 5384 id
949 5329 1015 5399 est,¹
1036 5318 1226 5404 impeditor,
1252 5316 1381 5384 scilicet
1404 5338 1457 5383 or·
1509 5318 1720 5404 peregrinum
1741 5316 1867 5384 babere
1894 5339 2009 5384 secum
2032 5322 2205 5404 pecunias,
2226 5322 2304 5406 quia
2324 5319 2492 5388 noluisset

475 5403 575 5483 dinis,
597 5415 630 5468 et
653 5407 765 5490 operis
776 5404 851 5474 Dei.
896 5405 965 5469 Der
982 5404 1043 5470 dos
1063 5413 1139 5488 puta
1158 5405 1260 5467 nack
1281 5405 1460 5470 mlindmt
1510 5401 1606 5470 solus
1627 5405 1678 5469 irc
1699 5424 1759 5490 per
1781 5404 1911 5471 silvam.
1955 5405 2028 5472 Hac
2049 5409 2253 5494 cogitatione
2263 5419 2406 5474 vexatur
2416 5419 2489 5472 tan·

474 5489 541 5555 turcl
556 5488 621 5552 lecit
638 5512 672 5553 cr
682 5493 761 5573 orffa
783 5491 909 5556 licium
918 5493 981 5556 dan
990 5492 1226 5556 maniacus
1236 5492 1456 5576 Gottiioucp.
1510 5489 1626 5576 tisper,
1650 5490 1759 5556 donec
1779 5492 1982 5559 interficeret
2002 5512 2087 5560 eum.
2121 5493 2315 5580 lnquisitate
2332 5491 2487 5580 pectinis,

1509 5576 1650 5645 invenit.
1671 5588 1795 5644 mutum
1817 5598 1969 5646 nummos
2001 5599 2075 5645 sex.
2121 5579 2292 5648 Reversus
2317 5582 2352 5647 in
2373 5578 2489 5666 bospi-
