5934 6709
452 630 519 699 43⁰
1092 624 1204 690 Pillli.
1230 624 1332 691 MEL.
1361 621 1549 690 SCRIPTA
1572 622 1837 692 exenencn.
2402 630 2472 697 440

452 836 502 888 est
528 816 741 886 universalis:
772 818 860 881 sicot
883 813 1137 900 Paulusinquit=
1165 813 1367 895 Encnpeliom
1388 821 1434 875 est
1459 856 1463 883 ,
1486 824 1523 876 ut
1545 832 1608 877 nos
1630 813 1798 897 possimus
1821 816 1945 899 gratias
1967 836 2070 901 agere
2096 838 2159 901 pro
2188 818 2352 883 omnibus.
2397 819 2472 887 sea

449 910 593 990 potentio
616 905 680 966 Dei
702 904 746 965 nel
762 903 891 964 saltitem
909 905 992 963 υιιιιιί
1012 902 1166 962 credenti:
1189 902 1221 965 id
1244 912 1309 979 esi,
1330 898 1434 984 appli-
1459 892 1463 961 l
1487 910 1598 962 tamen
1642 901 1740 963 debet
1780 900 1812 963 ir.
1856 902 1954 964 nobis
1999 922 2076 965 esse
2110 901 2220 989 aliqua
2253 907 2472 989 ingratitudo,

386 1056 401 1087 ο
453 996 541 1060 canti
565 994 629 1059 sibi
647 1004 680 1056 et
698 991 836 1076 perenti.
867 989 1006 1052 Orortet
1029 986 1235 1055 tebssentivi
1256 988 1331 1052 voci
1354 987 1433 1051 divi·
1458 968 1463 1043 l
1485 986 1595 1069 Saepe.
1628 982 1712 1048 alias
1746 989 1882 1050 recitavi
1917 988 2015 1051 vobis
2049 990 2173 1055 dicturo
2195 989 2377 1075 Alpbonsi,
2435 995 2472 1061 ui

453 1101 529 1158 nae,
553 1092 586 1145 et
609 1091 765 1154 statuere,
788 1077 879 1161 quod
924 1095 984 1139 eus
997 1071 1075 1139 velit
1098 1094 1175 1140 esse
1188 1071 1321 1153 estieav,
1342 1074 1433 1138 iuxta
1457 1050 1462 1155 ξ
1485 1068 1546 1135 soit
1570 1070 1640 1137 Rex
1664 1070 1917 1154 Neapolitanus,
1951 1076 2087 1158 sapiens
2109 1098 2180 1154 rev,
2214 1088 2249 1141 et
2280 1077 2380 1143 valde
2410 1014 2475 1145 go-

391 1220 399 1235 .
450 1188 533 1235 suas
578 1165 805 1229 ronrissiones.
1457 1160 1572 1255 fetus,
1590 1158 1644 1243 qui
1668 1160 1748 1222 vivit
1769 1160 1927 1222 nrenroria
1945 1176 2074 1244 patrum
2097 1178 2299 1241 nostrorum,
2330 1176 2364 1229 et
2395 1164 2474 1279 glo·

538 1189 594 1315 sic
627 1252 691 1316 iste
719 1250 946 1313 Samaritanus
980 1247 1153 1333 cogitavit:
1186 1242 1246 1310 ille
1266 1244 1432 1311 Dominus
1456 1266 1461 1319 ι
1485 1245 1575 1309 viose
1596 1245 1750 1329 regnavit
1772 1265 1878 1329 usque
1900 1247 1943 1309 ad
1966 1260 2146 1313 extremam
2169 1263 2348 1316 senectam.
2382 1251 2474 1321 barn

453 1340 581 1404 curabit
605 1358 678 1416 noS,
701 1347 735 1400 et
758 1348 810 1400 est
829 1346 948 1419 postea
959 1345 1110 1398 curatus:
1132 1332 1168 1395 ln
1190 1330 1255 1396 hnc
1277 1332 1343 1396 fide
1364 1353 1433 1395 nra·
1457 1336 1461 1399 i
1483 1348 1589 1393 senes
1608 1331 1717 1416 cccpit
1739 1332 1802 1395 sibi
1825 1329 2027 1416 aliquantum
2050 1333 2236 1422 indulgere:
2270 1339 2358 1402 sieut
2385 1336 2476 1405 nihil

452 1437 525 1504 net,
560 1435 591 1490 et
626 1434 745 1507 postea
777 1422 909 1485 rediens
942 1420 1012 1505 agit
1039 1419 1070 1485 ei
1103 1420 1245 1504 gratias;
1278 1418 1434 1505 agnoscit
1456 1410 1462 1511 i
1483 1428 1680 1500 perpetuum
1704 1427 1757 1480 est
1778 1418 1811 1480 in
1842 1420 2018 1483 virtutibus
2042 1419 2221 1487 bominum.
2264 1421 2486 1499 dissolatas,

453 1510 546 1575 illurn
570 1529 647 1573 esse
669 1509 838 1585 Messinm,
863 1506 1011 1570 datorem
1038 1506 1144 1583 tritae,
1173 1516 1309 1590 propter
1337 1525 1433 1590 quem
1456 1518 1461 1561 t
1484 1514 1536 1566 est
1558 1503 1721 1567 interdum
1748 1504 1841 1589 queri
1864 1505 1905 1568 de
1926 1507 2078 1590 ingratis,
2102 1528 2189 1593 quos
2211 1506 2321 1573 inultis
2344 1510 2477 1577 beneti-

452 1598 647 1681 recipimur,
676 1607 708 1661 et
741 1597 797 1679 qni
818 1612 882 1658 rios
905 1604 1012 1669 curat,
1046 1602 1081 1655 et
1112 1587 1228 1657 salvos
1261 1588 1352 1655 iacit.
1396 1591 1432 1655 ln
1485 1587 1568 1653 ficiis
1591 1588 1762 1666 affecerat,
1794 1603 1914 1675 postea
1935 1594 2032 1657 dixit:
2059 1592 2125 1673 At,
2158 1615 2217 1675 epo
2250 1595 2345 1657 oculto
2367 1599 2477 1679 maqr‘e

450 1682 580 1749 latrone
608 1694 660 1747 esi
681 1701 803 1768 magna
825 1692 856 1743 et
889 1676 1069 1765 singularis
1098 1675 1168 1755 lux,
1200 1679 1288 1763 quoti
1322 1679 1432 1741 statim
1483 1696 1549 1735 nnn
1569 1674 1806 1756 inpactuslleo
1829 1698 1905 1749 nico,
1934 1699 1955 1738 o
1975 1700 2036 1760 quc
2054 1680 2149 1741 ιιιιιΙίο
2176 1684 2297 1742 trinorc
2320 1681 2478 1764 beneficia

450 1766 667 1855 apprehendit
689 1766 955 1852 promissionem,
978 1784 1076 1849 quarn
1097 1765 1269 1829 audiverat
1285 1784 1326 1827 es
1339 1762 1433 1827 Chri·
1484 1764 1610 1843 oeeepi:
1644 1759 1734 1841 Erpa
1766 1765 1847 1828 iuste
1874 1767 1988 1844 patior
2019 1764 2142 1827 illorum
2175 1770 2210 1832 in
2229 1770 2472 1848 protitmb'm.

451 1867 522 1923 sto,
565 1855 675 1920 Minor
698 1866 751 1918 est
770 1850 828 1915 lav
851 1852 884 1915 in
917 1847 975 1915 illo
998 1862 1092 1935 patre
1125 1851 1344 1929 daemoniaci,
1377 1852 1433 1936 qui
1484 1847 1547 1912 Est
1579 1849 1717 1933 sapiens
1747 1849 1881 1914 dictum.
1944 1851 2015 1915 Nos
2048 1872 2165 1917 omnes
2197 1874 2314 1919 sumus
2346 1857 2471 1943 ingrati

454 1940 592 2006 clanrat:
613 1940 719 2003 Credo
741 1938 884 2012 Dornine,
907 1936 1061 2017 redopem
1069 1938 1121 2015 fer
1131 1937 1432 2016 diffidenticemene.

452 2027 624 2093 'l'ribuitne
646 2025 783 2092 Christo
807 2023 1099 2108 omnipotentiam?
1142 2022 1200 2089 lta
1233 2023 1434 2086 Potaissetnae

452 2113 574 2178 Petrus
603 2114 700 2176 etiam
722 2131 839 2177 curare
859 2107 960 2174 filium
984 2108 1079 2175 eius?
1100 2105 1165 2185 lta;
1189 2110 1331 2175 «cacteris
1349 2111 1433 2195 pari·

451 2202 525 2265 bus.
570 2198 781 2263 Potuissetne
804 2198 901 2262 etiam
925 2192 1076 2280 opitulari
1099 2192 1324 2262 diffidentiae?
1358 2195 1432 2261 Nou

453 2284 630 2371 poiuisset,
653 2286 714 2346 dos
731 2288 772 2348 nt
794 2279 973 2366 singulare.
1018 2280 1139 2347 Petrus
1168 2303 1235 2347 nun
1268 2284 1433 2368 potuisset

453 2373 534 2437 dare
556 2372 711 2456 Spiritum
745 2382 908 2448 sanctuni,
941 2381 975 2434 et
997 2388 1074 2433 esse
1107 2364 1248 2448 efficax,
1280 2380 1316 2434 ut
1349 2368 1432 2435 fides

451 2459 702 2525 accenderetur.
747 2456 804 2521 Sic
827 2477 889 2522 nos
919 2456 1079 2519 babentes
1112 2455 1202 2519 initia
1225 2455 1314 2535 fidei,
1346 2476 1433 2521 sem·

450 2545 693 2631 perdebamus
716 2539 878 2609 clamare:
903 2541 1007 2604 Credo
1029 2540 1174 2614 nonnae,
1196 2543 1254 2603 sed
1275 2562 1363 2622 opem
1380 2542 1433 2619 fer

450 2630 648 2709 diffidentiae
679 2650 773 2691 mene.
823 2628 889 2689 Dus
918 2631 972 2706 ist,
1006 2628 1083 2688 dass
1116 2647 1149 2687 er
1180 2635 1272 2708 sapt.-
1311 2629 1431 2691 Osten-

450 2717 517 2782 dite
538 2736 601 2781 vos
623 2716 873 2781 sacerdotibus:
895 2714 1011 2793 idest,
1031 2715 1076 2777 ite
1098 2714 1141 2778 ad
1165 2714 1388 2778 ministerium.

536 2802 603 2866 iarn
625 2802 668 2867 ad
691 2799 872 2865 Minorem:
891 2797 1057 2878 Confessio
1079 2807 1126 2860 est
1136 2800 1300 2861 ostendere
1321 2820 1354 2861 se
1375 2798 1432 2861 Su·

453 2888 643 2953 indoti-'zm
688 2886 785 2973 Nego
808 2885 971 2950 Minorem
1004 2887 1046 2950 de
1078 2887 1324 2951 enumeratione
1356 2886 1433 2948 deli·

455 2986 599 3040 ctorunr:
633 2974 687 3039 tui
711 2972 891 3038 ostendere
909 2992 947 3036 se
970 2972 1214 3051 sacerdotibus,
1236 2985 1288 3037 est
1308 2969 1364 3036 illa
1386 2969 1433 3035 ia·

450 3080 529 3126 cere
562 3080 582 3123 a
683 3056 915 3137 Ministerium,
958 3078 1045 3145 quae
1088 3057 1244 3123 divinitus
1277 3060 1434 3124 mandata

450 3156 546 3227 suot;
621 3165 681 3210 eus
715 3164 783 3210 uon
814 3145 984 3218 mandavit
1015 3140 1107 3209 illam
1139 3146 1433 3222 enumerationem,

473 3252 535 3299 uae
553 3242 606 3297 est
627 3225 861 3316 impossibilis3
892 3231 953 3296 sed
976 3242 1030 3295 est
1051 3231 1256 3310 nraumtum,
1278 3243 1315 3296 ut
1336 3251 1433 3297 acce·

524 3318 631 3385 asad
654 3317 884 3395 ministerium,
916 3317 960 3381 ad
981 3316 1205 3401 Baptismum,
1225 3319 1269 3383 ad
1298 3318 1432 3383 concio·

448 3425 524 3471 near
531 3451 542 3485 ,
572 3404 814 3490 adpetendam
836 3401 1097 3483 absolutionem,
1125 3414 1160 3469 et
1180 3424 1278 3470 usum
1310 3403 1429 3470 Sacra·
1455 3416 1462 3469 t

449 3500 648 3571 meatorum,
670 3503 704 3558 et
725 3490 857 3578 quidem
878 3491 925 3557 ita
946 3490 1164 3570 accedamus,
1191 3493 1279 3557 sieut
1300 3492 1432 3556 ordina·

449 3587 520 3645 tum
541 3588 594 3643 est
614 3578 829 3645 Mrdstedum
850 3587 966 3656 totum,
988 3588 1028 3643 et
1044 3574 1198 3664 singulae
1219 3577 1290 3642 eius
1307 3589 1434 3663 partes.

449 3979 783 4063 Accusatio
814 3978 1285 4089 ingratitudinis
1315 3979 1432 4090 plu·

790 4134 1081 4216 rimorum.

535 4349 574 4414 lu
606 4349 672 4415 line
713 4363 765 4416 est
805 4351 911 4416 tristis
946 4351 1135 4438 obiurgatio
1173 4348 1434 4437 ingratitudiniss

449 4437 512 4499 das
529 4437 572 4497 ist
594 4436 693 4497 mmai
711 4435 918 4513 sebreeldictl,
935 4439 993 4498 wie
1018 4437 1069 4499 iltr
1090 4436 1185 4508 redet,
1217 4448 1288 4502 tota
1315 4450 1434 4504 natura

449 4521 620 4587 bominum
642 4533 694 4587 est
715 4524 858 4609 ingrata.
901 4521 965 4588 Est
985 4520 1153 4589 horribilis
1176 4525 1376 4609 ingratitudo
1399 4525 1433 4589 in

450 4605 604 4698 singulis
623 4621 656 4674 et
678 4621 730 4675 est
752 4621 850 4676 vetus
873 4609 1022 4695 querela,
1043 4611 1101 4671 wie
1122 4609 1181 4672 der
1197 4631 1264 4672 cers
1281 4609 1411 4677 tetssn:
1457 4582 1462 4637 ¹

539 4782 652 4844 Onmiu
673 4789 745 4845 sunt
765 4784 907 4863 inproin,
924 4781 1006 4846 ninii
1021 4783 1137 4860 secisse
1153 4782 1283 4864 benigne
1304 4790 1361 4853 est,

452 4953 496 5019 Et
517 4952 699 5022 Pindarus:
732 4954 850 5019 παλαιά
870 4952 927 5041 γὰρ
956 4948 1035 5018 eido
1066 4955 1167 5036 χάρις,
1197 4951 1367 5035 ἀμνάμονες
1400 4951 1433 5018 di

451 5040 572 5126 βροιοὶ;
594 5041 741 5128 Antiqua
763 5044 871 5126 gratia
893 5042 1027 5120 dormit,
1049 5040 1200 5106 homines
1222 5053 1301 5104 sunt
1322 5041 1432 5104 imme·
1457 5072 1461 5127 Ι

450 5145 577 5192 mores:
599 5126 645 5186 Es
666 5131 709 5190 nt
729 5127 807 5192 hold
829 5148 998 5210 nerpessen,
1020 5149 1107 5188 nomn
1130 5148 1201 5189 mon
1221 5129 1317 5189 cirtem
1338 5134 1461 5203 elmoni

449 5211 627 5295 perlationi:
661 5212 726 5275 und
747 5234 779 5275 rs
802 5218 845 5276 ist
865 5215 951 5277 ench!
972 5213 1194 5295 nirpewcnliela
1234 5213 1307 5276 Wer
1338 5216 1434 5279 einim
1458 5220 1461 5269 ἓ

450 5320 517 5360 vom
542 5297 663 5379 Galpen
685 5298 785 5380 ΙιιῖΙῙῙὶ,
807 5301 865 5362 der
885 5301 979 5380 brilffe
1000 5300 1213 5363 ilnndcrnnclt
1224 5321 1319 5382 perire
1336 5301 1434 5362 wider
1457 5330 1462 5421 p

451 5386 543 5446 droa.
580 5382 699 5457 Qualia
721 5399 798 5467 snut.
820 5384 922 5452 multa
944 5385 1107 5473 exemplu,
1123 5389 1184 5454 scd
1205 5384 1328 5474 singuli
1351 5384 1434 5454 mul·

452 5481 487 5537 to
510 5472 618 5558 magis
641 5492 756 5541 sumus
778 5472 900 5558 ingrati
921 5469 1009 5539 Deo.

537 5558 610 5623 Nos
643 5559 813 5627 obruimur
846 5570 937 5625 tauta
967 5556 1054 5627 mole
1086 5558 1323 5628 beneficiorum
1354 5558 1433 5640 Dei,

1457 5450 1462 5463 ι’

1456 5466 1461 5493 ι

1456 5502 1461 5551 ,¹

1485 1931 1573 2013 Deo,
1594 1936 1656 1998 sed
1679 1931 1787 1998 Deum
1809 1955 1954 2014 oremus,
1977 1938 2096 2022 utipse
2119 1952 2256 2025 propter
2267 1937 2387 2007 Filium
2406 1962 2470 2009 ue-

1485 2022 1537 2085 bis
1558 2021 1702 2085 remittat
1723 2032 1875 2105 peecata,
1904 2044 2013 2108 neque
2033 2026 2277 2093 animadvertat
2306 2028 2401 2095 iusta
2418 2029 2474 2097 in

1483 2126 1548 2188 sua
1567 2108 1602 2171 ia
1623 2120 1772 2171 nostram
1794 2107 2073 2193 ingratitudinem.

1569 2192 1739 2257 Beneficia
1771 2191 1835 2259 Dei
1868 2208 1946 2259 sunt
1978 2216 2124 2262 summa:
2163 2197 2332 2265 Aeternus
2366 2202 2475 2268 Patet

1485 2301 1559 2343 cum
1581 2276 1664 2342 Filio
1687 2289 1720 2342 et
1743 2279 1867 2362 Spiritu
1889 2294 2018 2361 sancta,
2040 2285 2186 2349 condidit.
2207 2306 2270 2350 nos
2291 2286 2336 2350 ad
2352 2288 2473 2375 imagi·

1484 2385 1560 2429 nem
1581 2384 1687 2444 suam,
1711 2367 1801 2429 dedit
1824 2369 1933 2445 nobiS,
1967 2371 2056 2453 quod
2080 2384 2131 2433 est
2153 2372 2186 2434 in
2204 2373 2279 2457 ipso
2296 2374 2472 2457 optimum,

1484 2471 1578 2516 suam
1612 2451 1805 2534 sapientiam
1839 2465 1873 2516 et
1904 2453 2070 2519 iustitiam.
2131 2455 2199 2520 illis
2232 2459 2333 2522 tantis
2365 2461 2476 2527 rebus

1484 2539 1629 2614 amissis,
1651 2534 1753 2600 Filius
1766 2539 1940 2604 intercedit
1962 2562 2023 2626 pro
2046 2544 2143 2606 nobis
2156 2546 2316 2609 immenso
2339 2566 2472 2627 amore,

1485 2643 1566 2708 erga
1589 2642 1698 2708 genus
1719 2622 1910 2701 burrianum,
1940 2641 1972 2690 et
1990 2629 2132 2692 restituit
2154 2631 2252 2693 nobis
2274 2628 2334 2696 illa
2358 2634 2471 2710 bona3

1485 2721 1519 2773 et
1541 2711 1681 2773 donatur
1704 2709 1847 2793 Spiritus
1876 2724 2028 2790 sanctus,
2062 2717 2117 2800 qui
2152 2728 2205 2779 est
2225 2714 2289 2779 Dei
2312 2715 2471 2802 Spiritus.

1485 2794 1532 2859 lta
1555 2793 1688 2860 effundit
1723 2815 1762 2858 se
1795 2797 1901 2880 ipsum
1936 2800 1968 2860 in
2001 2819 2063 2863 nos
2086 2800 2188 2866 Deus.
2234 2800 2322 2876 Quid
2379 2815 2472 2871 otest

1484 2893 1592 2947 autem
1618 2882 1715 2944 nobis
1739 2882 1820 2944 aare
1843 2884 1960 2961 aazias,
1984 2906 2081 2970 qnam
2104 2907 2141 2945 m·
2166 2888 2298 2970 ipsum?
2370 2909 2470 2955 e'nen

1484 2986 1599 3031 sumus
1622 2969 1667 3031 itu
1689 2970 1826 3051 ingrati,
1845 2982 1880 3031 ut
1903 2968 2053 3035 furenter
2082 2973 2285 3039 excutiamus
2307 2972 2469 3060 Spiritum

1483 3064 1650 3118 sanctum:
1682 3050 1737 3117 alii
1769 3050 1846 3118 aliis
1867 3057 1992 3137 modis,
2024 3053 2080 3122 alii
2111 3059 2329 3146 abnegatione
2361 3079 2468 3128 verae

1484 3140 1667 3217 doctrinae,
1696 3137 1751 3203 alii
1775 3143 2034 3221 contemnendo,
2067 3142 2123 3209 alii
2145 3144 2321 3211 lacerando
2343 3144 2464 3211 doctri-

1482 3246 1572 3305 nam,
1592 3222 1649 3289 alii
1670 3222 1941 3307 helluationibus,
1962 3226 2017 3294 alii
2039 3227 2238 3297 libidinibus·

1568 3316 1686 3396 Nempt
1707 3315 1771 3379 den
1788 3312 1948 3379 Doridem
1973 3322 2036 3399 fur
2061 3321 2156 3402 enci,
2191 3320 2294 3402 atet,
2320 3325 2382 3385 tnta
2402 3316 2472 3383 ilem

1482 3402 1545 3465 der
1565 3402 1695 3465 Notion
1723 3401 2055 3484 anteponerent.
2111 3403 2203 3490 Ego,
2237 3405 2360 3490 inquit,
2392 3424 2470 3471 cum
2507 3416 2514 3427 ·

1483 3505 1580 3551 esses
1601 3483 1775 3571 parvidus,
1795 3487 1918 3551 abduxi
1939 3498 1972 3553 te
1992 3508 2014 3553 a
2035 3510 2159 3640 qrege,
2192 3512 2269 3557 curn
2290 3510 2388 3557 esses
2409 3510 2471 3577 pfl·

1483 3583 1556 3637 stov
1577 3572 1688 3638 ovium
1716 3573 1820 3657 patris
1843 3573 1909 3652 tui,
1942 3586 1976 3639 et
1998 3596 2038 3642 eo
2054 3574 2166 3643 locavi
2194 3588 2229 3644 te
2256 3579 2289 3643 in
2314 3596 2472 3665 regnan,

1484 3659 1601 3725 ornavi
1633 3669 1667 3722 te
1699 3660 1799 3724 tantis
1833 3660 1996 3725 victoriis:
2034 3664 2130 3744 item,
2169 3665 2392 3750 promissione
2424 3662 2470 3731 da

1482 3742 1621 3811 Messio.
1676 3740 1759 3823 Dic,
1785 3764 1829 3809 an
1855 3745 1997 3833 amplius
2019 3748 2079 3815 tibi
2125 3751 2264 3816 otuerim
2286 3750 2390 3817 darei
2420 3768 2468 3815 aa

1483 3841 1522 3897 tu
1542 3826 1684 3912 amplius
1718 3832 1867 3915 potueris
1896 3836 2033 3918 petere?
2115 3857 2212 3902 nmen
2241 3839 2332 3921 rapis
2355 3836 2469 3903 conlu-

1484 3938 1560 4005 gem
1583 3914 1735 3981 alterius:
1758 3919 1812 3982 Da
1832 3922 1893 4000 lipt
1910 3923 1971 3986 der
1991 3928 2199 3989 camelarton.
2243 3922 2305 3988 Est
2325 3926 2371 3988 ita
2391 3942 2468 4008 per·

1483 4001 1683 4070 terreiactus
1712 4000 1768 4066 illa
1803 4007 1983 4086 concione,
2016 4020 2052 4071 ut
2078 4022 2170 4074 esset
2198 4010 2407 4075 exanimatus
2435 4022 2472 4075 et

1483 4104 1653 4165 mortuus,
1685 4090 1748 4154 nisi
1781 4093 1965 4157 audivisset
1997 4092 2260 4162 absolutionem:
2304 4095 2471 4165 Dominus

1485 4182 1618 4243 wtbdtt
1634 4185 1802 4259 peccatum
1821 4187 1918 4245 tum
1953 4179 2001 4244 lbi
2025 4183 2206 4262 reviviscit,
2228 4185 2276 4249 Er
2296 4189 2379 4265 ruffi
2397 4186 2476 4251 sich

1484 4269 1538 4329 ein
1566 4270 1669 4344 toenio
1700 4265 1801 4329 wider
1831 4271 1901 4348 ntis,
1935 4265 2150 4334 confirmatus
2183 4266 2240 4334 illa
2274 4290 2368 4335 voce.
2426 4268 2477 4337 Et

1485 4351 1641 4436 quiddam
1674 4348 1782 4414 simile
1819 4354 1941 4435 patitur
1979 4357 2160 4437 pavoribus
2199 4356 2314 4435 Adae,
2352 4376 2474 4441 quam·

1485 4457 1583 4585 qupm
1608 4438 1709 4503 eredo
1732 4439 1764 4500 in
1786 4437 1895 4503 Adam
1917 4436 2023 4505 fuisse
2045 4439 2149 4507 multo
2175 4442 2319 4507 moines
2332 4451 2470 4511 'sensus

1486 4525 1625 4588 (leons.
1864 4528 1869 4534 '

1570 4612 1644 4675 Νωι
1664 4613 1730 4673 last
1748 4628 1810 4674 ons
1831 4630 1930 4676 tenear
1944 4615 2094 4697 depictor
2115 4616 2196 4680 maen
2213 4615 2358 4680 omenes.
2393 4614 2470 4682 Nos

1485 4696 1674 4778 accepimus
1697 4691 1754 4758 illa
1777 4716 1898 4782 magna
1921 4700 2020 4776 bona,
2044 4697 2339 4778 donatunrl'iliom,
2362 4702 2471 4769 don*

1485 4793 1552 4845 turn
1565 4779 1723 4866 Spiritum
1746 4797 1911 4861 sanct-rm,
1933 4785 2088 4849 iustitiam
2112 4798 2145 4849 et
2162 4786 2262 4851 vitam
2283 4799 2469 4856 aeternna.

1484 4858 1609 4933 Postea
1631 4868 1821 4951 accepimus
1843 4866 1950 4934 lucem
1973 4870 2236 4958 qualemcunque
2258 4874 2472 4955 eruditionis,

1484 4955 1688 5032 doctrinam,
1720 4955 1930 5038 sapientiam,
1964 4961 2091 5036 cibum,
2124 4972 2252 5042 potum,
2286 4962 2472 5027 mediocria

1483 5038 1644 5124 hospitia,
1676 5043 1872 5105 mediocrem
1895 5057 2017 5108 statum
2040 5043 2266 5130 Reipublicae,
2287 5058 2323 5110 ut
2344 5048 2378 5110 in
2401 5045 2470 5115 bau

1485 5140 1633 5205 senecta,
1657 5129 1778 5192 mundi.
1817 5129 1919 5193 -Snnt
1951 5131 2038 5194 eninr
2071 5152 2113 5195 ex
2135 5128 2231 5195 ortilis
2250 5133 2350 5196 etiam
2372 5152 2469 5199 exer·

1508 5216 1592 5278 enda
1617 5217 1717 5278 bona:
1741 5236 1938 5300 quamquam
1950 5236 2065 5281 sunnis
2077 5218 2217 5281 subiecti
2231 5221 2334 5295 croci,
2354 5230 2469 5287 tamea

1484 5236 1645 5366 labemus
1685 5299 1796 5386 aliqua
1835 5305 1920 5366 bona
1953 5301 2160 5386 corporalia,
2199 5317 2231 5368 et
2263 5304 2476 5375 traheremus·

1484 5387 1589 5453 multo
1607 5384 1703 5473 plura
1723 5390 1821 5467 burra,
1844 5392 1906 5453 nisi
1930 5410 2088 5475 essentne
2103 5402 2169 5454 tam
2193 5391 2324 5477 ingrati.
2359 5393 2468 5477 Sede&

1484 5496 1578 5541 worn
1597 5479 1659 5541 der
1680 5478 1761 5541 wein
1783 5480 1989 5555 colonati,
2010 5496 2048 5540 sc
2069 5484 2196 5559 snnffm
2220 5480 2290 5543 siclt
2311 5481 2364 5543 dte
2383 5483 2475 5547 beat

1483 5582 1548 5628 nur
1568 5564 1659 5629 desto
1679 5566 1770 5628 tneltr
1791 5568 1869 5639 coti,
1902 5567 2032 5628 werden
2063 5568 2145 5630 noca
2166 5569 2260 5630 tollet
2281 5568 2350 5631 med
2364 5584 2464 5648 unae·
